799 1200
175 123 17 11 I2
346 118 62 13 LEAVES
416 119 20 10 of
444 115 53 13 Grass.

374 159 99 17 EIDÓLONS.

247 185 14 14 I
264 189 27 10 MET
296 189 8 10 a
310 188 32 12 seer.

175 205 54 18 Passing
235 204 23 14 the
265 204 32 13 hues
303 202 27 14 and
337 201 52 18 objects
395 200 16 14 of
418 200 23 13 the
448 199 45 15 world,

174 224 29 13 The
210 223 38 14 fields
254 222 16 14 of
277 224 19 11 art
303 221 26 13 and
336 220 63 17 learning,
407 219 64 17 pleasure,
478 220 43 12 sense,

246 241 22 14 To
273 240 40 18 glean
319 239 65 15 eidólons.

248 278 25 13 Put
279 277 14 14 in
299 277 23 17 thy
328 276 47 14 chants
381 274 29 15 said
417 274 21 16 he,

176 298 22 13 No
204 301 37 10 more
248 296 22 14 the
277 295 60 19 puzzling
343 295 34 13 hour
383 298 25 9 nor
414 293 30 17 day,
451 296 25 10 nor
482 293 72 16 segments,
561 292 40 16 parts,
608 291 24 16 put
638 293 18 12 in,

176 316 24 13 Put
206 315 27 14 first
239 315 45 13 before
291 314 22 13 the
320 315 26 12 rest
353 317 14 9 as
373 312 32 18 light
412 311 20 14 for
438 311 17 13 all
461 310 28 14 and
495 312 105 13 entrance-song
606 309 16 12 of
629 309 21 14 all,

247 333 35 14 That
288 332 16 14 of
311 331 66 15 eidólons.

248 370 35 14 Ever
289 369 22 14 the
318 368 28 14 dim
353 368 77 17 beginning.

176 389 34 14 Ever
216 389 23 13 the
245 388 54 18 growth,
306 387 22 14 the
335 385 66 19 rounding
407 386 17 13 of
431 385 23 13 the
460 384 45 16 circle,

176 408 34 13 Ever
217 407 22 14 the
245 407 54 13 summit
305 405 27 14 and
339 405 22 14 the
368 408 45 14 merge
419 407 14 10 at
439 404 29 16 last,
474 403 22 17 (to
502 402 43 17 surely
552 404 31 11 start
590 401 51 17 again,)

248 424 73 15 Eidólons!
331 423 70 14 eidólons!

249 462 34 13 Ever
289 461 23 14 the
318 460 63 17 mutable,

177 481 34 14 Ever
218 480 68 16 materials,
293 479 71 18 changing,
371 478 79 17 crumbling,
457 476 89 17 re-cohering,

177 500 34 13 Ever
217 499 22 14 the
246 499 55 15 ateliers,
308 498 22 13 the
337 497 62 14 factories
405 496 49 17 divine,

249 517 52 17 Issuing
307 516 65 14 eidólons.

249 554 24 16 Lo,
280 554 6 13 I
296 558 16 9 or
317 557 32 14 you.

176 573 19 13 Or
201 577 56 11 woman,
264 576 35 12 man,
306 576 15 9 or
327 574 37 13 sute,
371 571 48 13 known
426 574 16 10 or
448 570 71 15 unknown.

176 591 24 13 We
206 591 60 17 seeming
272 590 34 14 solid
313 590 51 16 wealth,
371 589 64 17 strength,
441 589 49 16 beauty
497 587 41 17 build,

249 609 25 13 But
281 609 39 17 really
327 608 37 14 build
370 607 66 14 eidólons.

248 646 30 13 The
284 648 44 11 ostent
334 647 85 13 evanescent,

176 665 29 13 The
212 664 70 14 substance
288 664 16 13 of
311 668 17 9 an
335 663 48 14 artist's
389 662 42 14 mood
438 666 15 10 or
459 662 52 14 savan’s
517 661 51 14 studies
574 661 36 17 long,

177 683 19 14 Or
202 683 66 15 warrior’s,
275 682 63 17 martyr's,
345 682 43 13 hero's
395 681 33 16 toils,

248 701 22 13 To
276 700 51 14 fashion
334 700 20 13 his
360 699 59 15 eidólon.

250 737 20 14 Of
277 741 38 13 every
322 737 49 13 human
378 736 27 17 life,

179 756 36 18 (The
220 756 35 13 units
259 755 65 18 gather’d,
329 755 52 17 posted,
387 757 23 11 not
415 759 9 9 a
429 754 61 18 thought,
495 754 65 16 emotion,
565 753 40 17 deed,
611 753 23 14 left
640 753 33 17 out,)

176 775 30 13 The
212 774 42 13 whole
261 778 15 9 or
282 774 35 17 large
323 777 16 10 or
345 773 37 14 small
389 773 63 16 summ'd,
458 772 46 14 added
511 776 22 14 up,

250 792 16 13 In
273 792 16 13 its
295 791 59 14 eidólon.

249 829 30 13 The
286 828 27 17 old,
319 828 23 14 old
349 833 36 13 urge,

179 847 42 14 Based
227 851 18 10 on
252 847 22 14 the
281 847 53 13 ancient
341 847 73 17 pinnacles,
421 847 17 15 lo,
445 851 48 11 newer,
500 846 46 18 higher
553 846 74 17 pinnacles,

179 866 39 13 From
224 866 53 13 science
284 865 27 14 and
317 865 23 14 the
347 865 56 14 modern
409 865 26 13 still
442 864 63 18 impell’d,

250 884 29 13 The
286 883 27 17 old,
320 883 23 14 old
350 888 36 13 urge,
393 883 65 14 eidólons.

250 921 30 13 The
287 923 54 15 present
347 924 30 10 now
383 920 27 14 and
417 920 36 16 here,

178 939 72 14 America's
256 939 38 18 busy,
301 939 63 18 teeming,
371 939 61 13 intricate
438 939 40 16 whirl,

179 958 19 14 Of
206 960 70 15 aggregate
282 957 27 14 and
316 960 68 15 segregate
391 957 20 14 for
417 957 31 18 only
454 957 49 13 thence
509 957 68 18 releasing,

251 976 65 18 To-day's
322 975 65 15 eidólons.
