<?xml version="1.0"?>
<alto xmlns="http://www.loc.gov/standards/alto/ns-v3#" xmlns:xlink="http://www.w3.org/1999/xlink" xmlns:xsi="http://www.w3.org/2001/XMLSchema-instance" xsi:schemaLocation="http://www.loc.gov/standards/alto/ns-v3# http://www.loc.gov/alto/v3/alto-3-1.xsd">
<OCRProcessing xmlns="http://www.loc.gov/standards/alto/ns-v3#" ID="IdOcr"><ocrProcessingStep><processingDateTime>2024-05-14</processingDateTime><processingSoftware><softwareCreator>ABBYY</softwareCreator><softwareName>ABBYY FineReader Server</softwareName><softwareVersion>14.0</softwareVersion></processingSoftware></ocrProcessingStep></OCRProcessing>
<Styles xmlns="http://www.loc.gov/standards/alto/ns-v3#">
<ParagraphStyle ID="StyleId-445DF913-A516-40FE-A4CE-7B1C1030E057-" ALIGN="Left" LEFT="0." RIGHT="0." FIRSTLINE="0." LINESPACE="12.719999313354492"/>
<ParagraphStyle ID="StyleId-E403BA48-2B56-4615-A114-B35CF968CB7A-" ALIGN="Left" LEFT="0." RIGHT="0." FIRSTLINE="0." LINESPACE="10.909999847412109"/>
<ParagraphStyle ID="StyleId-5FAD982E-5545-4C0E-851E-EBF3503090E4-" ALIGN="Left" LEFT="0." RIGHT="0." FIRSTLINE="0." LINESPACE="9.9200000762939453"/>
<ParagraphStyle ID="StyleId-005B92B4-525C-4C9C-AB9D-E09BF2344A2F-" ALIGN="Left" LEFT="0." RIGHT="0." FIRSTLINE="0." LINESPACE="12.719999313354492"/>
<ParagraphStyle ID="StyleId-579500E1-308F-4B83-B9ED-DE8E7E9C7282-" ALIGN="Left" LEFT="0." RIGHT="0." FIRSTLINE="28." LINESPACE="18.399999618530273"/>
<ParagraphStyle ID="StyleId-B4146B38-739B-475D-888D-EDF33A4315F9-" ALIGN="Left" LEFT="0." RIGHT="9.5" FIRSTLINE="0." LINESPACE="20.69999885559082"/>
<ParagraphStyle ID="StyleId-3AE23056-D223-4C13-8810-C00D458ECDD5-" ALIGN="Left" LEFT="0." RIGHT="0." FIRSTLINE="0." LINESPACE="32.200000762939453"/>
<ParagraphStyle ID="StyleId-FFFFFFFF-FFFF-FFFF-FFFF-FFFFFFFFFFFF-" ALIGN="Left" LEFT="0." RIGHT="0." FIRSTLINE="0."/>
<ParagraphStyle ID="StyleId-DD7FABF2-64E0-4458-A002-DC066A1FE17B-" ALIGN="Left" LEFT="0." RIGHT="0." FIRSTLINE="0."/>
<ParagraphStyle ID="StyleId-62986A33-7515-4E99-BCAB-3719BD0078D1-" ALIGN="Left" LEFT="0." RIGHT="0." FIRSTLINE="0."/>
<ParagraphStyle ID="StyleId-81DAF23E-7B97-4A45-98B5-D886E9874B1F-" ALIGN="Left" LEFT="0." RIGHT="0." FIRSTLINE="0."/>
<ParagraphStyle ID="StyleId-D1D3A353-9161-4671-98E1-DD7B9D990438-" ALIGN="Left" LEFT="0." RIGHT="0." FIRSTLINE="0."/>
<ParagraphStyle ID="StyleId-44B0F6CE-B77C-4378-B4F7-1CCA36C002B3-" ALIGN="Left" LEFT="0." RIGHT="0." FIRSTLINE="0."/>
<ParagraphStyle ID="StyleId-D40750C1-ED42-4B5E-A658-06B58631CB5D-" ALIGN="Left" LEFT="0." RIGHT="0." FIRSTLINE="0."/>
</Styles>
<Page xmlns="http://www.loc.gov/standards/alto/ns-v3#" ID="Page2" PHYSICAL_IMG_NR="2" HEIGHT="10698" WIDTH="6927">
<TopMargin HEIGHT="538" WIDTH="6927" VPOS="0" HPOS="0">
</TopMargin>
<LeftMargin HEIGHT="10160" WIDTH="338" VPOS="538" HPOS="0"><GraphicalElement ID="Page2_Block1" HEIGHT="36" WIDTH="338" VPOS="10588" HPOS="0"/>
</LeftMargin>
<PrintSpace HEIGHT="10160" WIDTH="6589" VPOS="538" HPOS="338">
<TextBlock ID="Page2_Block2" HEIGHT="92" WIDTH="862" VPOS="1466" HPOS="4572" LANG="en-US" STYLEREFS="StyleId-E403BA48-2B56-4615-A114-B35CF968CB7A-">
<TextLine BASELINE="1542" HEIGHT="68" WIDTH="838" VPOS="1479" HPOS="4585"><String WC="1." CONTENT="WE" HEIGHT="60" WIDTH="124" VPOS="1479" HPOS="4585"/><SP HEIGHT="60" WIDTH="36" VPOS="1479" HPOS="4710"/><String WC="0.93333333730697632" CONTENT="DID" HEIGHT="58" WIDTH="158" VPOS="1483" HPOS="4747"/><SP HEIGHT="60" WIDTH="32" VPOS="1481" HPOS="4906"/><String WC="0.95999997854232788" CONTENT="THIS" HEIGHT="62" WIDTH="204" VPOS="1481" HPOS="4939"/><SP HEIGHT="58" WIDTH="36" VPOS="1485" HPOS="5144"/><String WC="0.98199999332427979" CONTENT="ISSUE" HEIGHT="62" WIDTH="242" VPOS="1485" HPOS="5181"/></TextLine>
</TextBlock>
<TextBlock ID="Page2_Block3" HEIGHT="110" WIDTH="626" VPOS="4030" HPOS="338" LANG="en-US" STYLEREFS="StyleId-E403BA48-2B56-4615-A114-B35CF968CB7A-">
<TextLine BASELINE="4109" HEIGHT="84" WIDTH="496" VPOS="4043" HPOS="351"><String WC="0.87749999761581421" CONTENT="help" HEIGHT="84" WIDTH="162" VPOS="4043" HPOS="351"/><SP HEIGHT="60" WIDTH="30" VPOS="4067" HPOS="514"/><String WC="0.8399999737739563" CONTENT="us" HEIGHT="46" WIDTH="80" VPOS="4065" HPOS="545"/><SP HEIGHT="44" WIDTH="24" VPOS="4065" HPOS="626"/><String WC="0.86000001430511475" CONTENT="write" HEIGHT="66" WIDTH="196" VPOS="4043" HPOS="651"/></TextLine>
</TextBlock>
<TextBlock ID="Page2_Block4" HEIGHT="420" WIDTH="1216" VPOS="2134" HPOS="4550" LANG="en-US" STYLEREFS="StyleId-E403BA48-2B56-4615-A114-B35CF968CB7A-">
<TextLine BASELINE="2210" HEIGHT="64" WIDTH="450" VPOS="2147" HPOS="4589"><String WC="0.73769229650497437" CONTENT="Contributors:" HEIGHT="64" WIDTH="450" VPOS="2147" HPOS="4589"/></TextLine>
<TextLine BASELINE="2337" HEIGHT="88" WIDTH="1182" VPOS="2273" HPOS="4573"><String WC="0.72750002145767212" LANG="fr" CONTENT="Marc" HEIGHT="60" WIDTH="160" VPOS="2273" HPOS="4573"/><SP HEIGHT="64" WIDTH="22" VPOS="2275" HPOS="4734"/><String WC="1." CONTENT="LeBrun" HEIGHT="64" WIDTH="248" VPOS="2275" HPOS="4757"/><SP HEIGHT="68" WIDTH="26" VPOS="2279" HPOS="5006"/><String WC="0.77166664600372314" CONTENT="(cover" HEIGHT="68" WIDTH="204" VPOS="2279" HPOS="5033"/><SP HEIGHT="38" WIDTH="18" VPOS="2303" HPOS="5238"/><String WC="0.80750000476837158" CONTENT="art," HEIGHT="60" WIDTH="114" VPOS="2295" HPOS="5257"/><SP HEIGHT="56" WIDTH="18" VPOS="2305" HPOS="5372"/><String WC="0.75" CONTENT="page" HEIGHT="56" WIDTH="150" VPOS="2305" HPOS="5391"/><SP HEIGHT="56" WIDTH="24" VPOS="2285" HPOS="5542"/><String WC="1." CONTENT="2" HEIGHT="56" WIDTH="40" VPOS="2285" HPOS="5567"/><SP HEIGHT="58" WIDTH="22" VPOS="2285" HPOS="5608"/><String WC="0.9100000262260437" CONTENT="art)" HEIGHT="68" WIDTH="124" VPOS="2285" HPOS="5631"/></TextLine>
<TextLine BASELINE="2428" HEIGHT="84" WIDTH="782" VPOS="2365" HPOS="4563"><String WC="0.85250002145767212" CONTENT="Jane" HEIGHT="64" WIDTH="152" VPOS="2365" HPOS="4563"/><SP HEIGHT="60" WIDTH="30" VPOS="2365" HPOS="4716"/><String WC="0.74599999189376831" CONTENT="n'ood" HEIGHT="62" WIDTH="184" VPOS="2365" HPOS="4747"/><SP HEIGHT="70" WIDTH="28" VPOS="2369" HPOS="4932"/><String WC="0.81800001859664917" CONTENT="(page" HEIGHT="78" WIDTH="170" VPOS="2371" HPOS="4961"/><SP HEIGHT="56" WIDTH="28" VPOS="2375" HPOS="5132"/><String WC="0.97000002861022949" CONTENT="4" HEIGHT="56" WIDTH="38" VPOS="2375" HPOS="5161"/><SP HEIGHT="58" WIDTH="20" VPOS="2375" HPOS="5200"/><String WC="0.88249999284744263" CONTENT="art)" HEIGHT="68" WIDTH="124" VPOS="2375" HPOS="5221"/></TextLine>
<TextLine BASELINE="2521" HEIGHT="88" WIDTH="918" VPOS="2455" HPOS="4575"><String WC="0.72333335876464844" CONTENT="Tom" HEIGHT="60" WIDTH="146" VPOS="2455" HPOS="4575"/><SP HEIGHT="58" WIDTH="24" VPOS="2459" HPOS="4722"/><String WC="0.76875001192092896" CONTENT="Albrecht" HEIGHT="62" WIDTH="292" VPOS="2459" HPOS="4747"/><SP HEIGHT="68" WIDTH="26" VPOS="2463" HPOS="5040"/><String WC="0.56199997663497925" CONTENT="(page" HEIGHT="80" WIDTH="172" VPOS="2463" HPOS="5067"/><SP HEIGHT="56" WIDTH="30" VPOS="2469" HPOS="5240"/><String WC="0.63499999046325684" CONTENT="15" HEIGHT="56" WIDTH="74" VPOS="2469" HPOS="5271"/><SP HEIGHT="56" WIDTH="26" VPOS="2469" HPOS="5346"/><String WC="0.94499999284744263" CONTENT="art)" HEIGHT="68" WIDTH="120" VPOS="2467" HPOS="5373"/></TextLine>
</TextBlock>
<TextBlock ID="Page2_Block5" HEIGHT="414" WIDTH="950" VPOS="1640" HPOS="4566" LANG="en-US" STYLEREFS="StyleId-E403BA48-2B56-4615-A114-B35CF968CB7A-">
<TextLine BASELINE="1716" HEIGHT="64" WIDTH="692" VPOS="1655" HPOS="4587"><String WC="0.86333334445953369" CONTENT="BOB" HEIGHT="58" WIDTH="172" VPOS="1655" HPOS="4587"/><SP HEIGHT="58" WIDTH="30" VPOS="1655" HPOS="4760"/><String WC="0.99500000476837158" CONTENT="ALBRECHT" HEIGHT="62" WIDTH="488" VPOS="1657" HPOS="4791"/></TextLine>
<TextLine BASELINE="1823" HEIGHT="66" WIDTH="920" VPOS="1761" HPOS="4585"><String WC="0.89499998092651367" CONTENT="MARY" HEIGHT="60" WIDTH="266" VPOS="1761" HPOS="4585"/><SP HEIGHT="60" WIDTH="28" VPOS="1763" HPOS="4852"/><String WC="1." CONTENT="JO" HEIGHT="58" WIDTH="104" VPOS="1765" HPOS="4881"/><SP HEIGHT="60" WIDTH="30" VPOS="1765" HPOS="4986"/><String WC="0.97000002861022949" CONTENT="ALBRECHT" HEIGHT="60" WIDTH="488" VPOS="1767" HPOS="5017"/></TextLine>
<TextLine BASELINE="1928" HEIGHT="62" WIDTH="654" VPOS="1869" HPOS="4579"><String WC="1." CONTENT="JERRY" HEIGHT="58" WIDTH="296" VPOS="1869" HPOS="4579"/><SP HEIGHT="58" WIDTH="32" VPOS="1871" HPOS="4876"/><String WC="0.99199998378753662" CONTENT="BROWN" HEIGHT="58" WIDTH="324" VPOS="1873" HPOS="4909"/></TextLine>
<TextLine BASELINE="2038" HEIGHT="68" WIDTH="700" VPOS="1975" HPOS="4583"><String WC="1." LANG="fr" CONTENT="LE" HEIGHT="60" WIDTH="104" VPOS="1975" HPOS="4583"/><SP HEIGHT="60" WIDTH="32" VPOS="1975" HPOS="4688"/><String WC="1." CONTENT="ROY" HEIGHT="58" WIDTH="194" VPOS="1977" HPOS="4721"/><SP HEIGHT="58" WIDTH="34" VPOS="1977" HPOS="4916"/><String WC="0.83166664838790894" CONTENT="FINKEL" HEIGHT="66" WIDTH="332" VPOS="1977" HPOS="4951"/></TextLine>
</TextBlock>
<Illustration ID="Page2_Block6" HEIGHT="6622" WIDTH="5330" VPOS="628" HPOS="576"><Shape><Polygon POINTS="3224,628 3972,628 3972,792 4550,792 4550,3562 3918,3562 3918,4840 4398,4840 4398,5338 5906,5338 5906,6424 5854,6424 5854,6446 5484,6446 5484,7250 3714,7250 3714,5554 3216,5554 3216,5334 3166,5334 3166,5058 3026,5058 3026,3562 2386,3562 2386,2938 576,2938 576,792 3224,792 3224,628"/></Shape></Illustration>
<TextBlock ID="Page2_Block7" HEIGHT="92" WIDTH="138" VPOS="3588" HPOS="714" LANG="en-US" STYLEREFS="StyleId-E403BA48-2B56-4615-A114-B35CF968CB7A-">
<TextLine BASELINE="3666" HEIGHT="56" WIDTH="114" VPOS="3613" HPOS="727"><String WC="1." CONTENT="and" HEIGHT="56" WIDTH="114" VPOS="3613" HPOS="727"/></TextLine>
</TextBlock>
<TextBlock ID="Page2_Block8" HEIGHT="202" WIDTH="140" VPOS="3264" HPOS="714" LANG="en-US" STYLEREFS="StyleId-E403BA48-2B56-4615-A114-B35CF968CB7A-">
<TextLine BASELINE="3331" HEIGHT="55" WIDTH="114" VPOS="3276" HPOS="728"><String WC="0.6966666579246521" CONTENT="and" HEIGHT="55" WIDTH="114" VPOS="3276" HPOS="728"/></TextLine>
<TextLine BASELINE="3454" HEIGHT="55" WIDTH="115" VPOS="3399" HPOS="727"><String WC="1." CONTENT="and" HEIGHT="55" WIDTH="115" VPOS="3399" HPOS="727"/></TextLine>
</TextBlock>
<TextBlock ID="Page2_Block9" HEIGHT="344" WIDTH="330" VPOS="6408" HPOS="5806" LANG="en-US" STYLEREFS="StyleId-E403BA48-2B56-4615-A114-B35CF968CB7A-"><Shape><Polygon POINTS="5838,6408 6136,6408 6136,6752 5806,6752 5806,6612 5840,6612 5840,6588 5838,6588 5838,6408"/></Shape>
<TextLine BASELINE="6544" HEIGHT="156" WIDTH="280" VPOS="6422" HPOS="5854"><String WC="0.53666669130325317" CONTENT="X»^" HEIGHT="156" WIDTH="280" VPOS="6422" HPOS="5854"/></TextLine>
</TextBlock>
<TextBlock ID="Page2_Block10" HEIGHT="418" WIDTH="726" VPOS="4240" HPOS="540" LANG="en-US" STYLEREFS="StyleId-E403BA48-2B56-4615-A114-B35CF968CB7A-">
<TextLine BASELINE="4320" HEIGHT="72" WIDTH="532" VPOS="4253" HPOS="553"><String WC="0.95333331823348999" CONTENT="the" HEIGHT="72" WIDTH="118" VPOS="4253" HPOS="553"/><SP HEIGHT="44" WIDTH="30" VPOS="4279" HPOS="672"/><String WC="0.99250000715255737" CONTENT="next" HEIGHT="50" WIDTH="168" VPOS="4273" HPOS="703"/><SP HEIGHT="64" WIDTH="32" VPOS="4257" HPOS="872"/><String WC="1." CONTENT="issue" HEIGHT="64" WIDTH="180" VPOS="4257" HPOS="905"/></TextLine>
<TextLine BASELINE="4425" HEIGHT="70" WIDTH="698" VPOS="4361" HPOS="555"><String WC="0.97666668891906738" CONTENT="and" HEIGHT="66" WIDTH="128" VPOS="4365" HPOS="555"/><SP HEIGHT="64" WIDTH="36" VPOS="4365" HPOS="684"/><String WC="0.84333330392837524" CONTENT="the" HEIGHT="66" WIDTH="120" VPOS="4363" HPOS="721"/><SP HEIGHT="46" WIDTH="34" VPOS="4381" HPOS="842"/><String WC="1." CONTENT="next" HEIGHT="56" WIDTH="166" VPOS="4371" HPOS="877"/><SP HEIGHT="64" WIDTH="34" VPOS="4361" HPOS="1044"/><String WC="0.83799999952316284" CONTENT="issue" HEIGHT="66" WIDTH="174" VPOS="4361" HPOS="1079"/></TextLine>
<TextLine BASELINE="4534" HEIGHT="68" WIDTH="698" VPOS="4471" HPOS="557"><String WC="1." CONTENT="and" HEIGHT="66" WIDTH="132" VPOS="4473" HPOS="557"/><SP HEIGHT="66" WIDTH="30" VPOS="4473" HPOS="690"/><String WC="1." CONTENT="the" HEIGHT="64" WIDTH="124" VPOS="4473" HPOS="721"/><SP HEIGHT="48" WIDTH="28" VPOS="4489" HPOS="846"/><String WC="1." CONTENT="next" HEIGHT="60" WIDTH="168" VPOS="4475" HPOS="875"/><SP HEIGHT="62" WIDTH="34" VPOS="4471" HPOS="1044"/><String WC="1." CONTENT="issue" HEIGHT="62" WIDTH="176" VPOS="4471" HPOS="1079"/></TextLine>
<TextLine BASELINE="4644" HEIGHT="66" WIDTH="132" VPOS="4581" HPOS="555"><String WC="0.8566666841506958" CONTENT="and" HEIGHT="66" WIDTH="132" VPOS="4581" HPOS="555"/></TextLine>
</TextBlock>
<TextBlock ID="Page2_Block11" HEIGHT="96" WIDTH="1472" VPOS="3262" HPOS="930" LANG="en-US" STYLEREFS="StyleId-E403BA48-2B56-4615-A114-B35CF968CB7A-">
<TextLine BASELINE="3330" HEIGHT="70" WIDTH="1018" VPOS="3275" HPOS="949"><String WC="0.96875" CONTENT="learning" HEIGHT="70" WIDTH="256" VPOS="3275" HPOS="949"/><SP HEIGHT="68" WIDTH="28" VPOS="3277" HPOS="1206"/><String WC="1." CONTENT="how" HEIGHT="56" WIDTH="136" VPOS="3277" HPOS="1235"/><SP HEIGHT="48" WIDTH="24" VPOS="3283" HPOS="1372"/><String WC="1." CONTENT="to" HEIGHT="48" WIDTH="66" VPOS="3283" HPOS="1397"/><SP HEIGHT="40" WIDTH="26" VPOS="3291" HPOS="1464"/><String WC="1." CONTENT="use" HEIGHT="42" WIDTH="102" VPOS="3291" HPOS="1491"/><SP HEIGHT="40" WIDTH="24" VPOS="3293" HPOS="1594"/><String WC="1." CONTENT="computers" HEIGHT="58" WIDTH="348" VPOS="3285" HPOS="1619"/></TextLine>
</TextBlock>
<TextBlock ID="Page2_Block12" HEIGHT="188" WIDTH="1472" VPOS="3384" HPOS="930" LANG="en-US" STYLEREFS="StyleId-E403BA48-2B56-4615-A114-B35CF968CB7A-">
<TextLine BASELINE="3453" HEIGHT="70" WIDTH="1439" VPOS="3397" HPOS="947"><String WC="1." CONTENT="how" HEIGHT="56" WIDTH="138" VPOS="3399" HPOS="947"/><SP HEIGHT="50" WIDTH="20" VPOS="3405" HPOS="1086"/><String WC="1." CONTENT="to" HEIGHT="50" WIDTH="68" VPOS="3405" HPOS="1107"/><SP HEIGHT="56" WIDTH="26" VPOS="3399" HPOS="1176"/><String WC="1." CONTENT="buy" HEIGHT="68" WIDTH="124" VPOS="3399" HPOS="1203"/><SP HEIGHT="54" WIDTH="24" VPOS="3413" HPOS="1328"/><String WC="1." CONTENT="a" HEIGHT="42" WIDTH="32" VPOS="3413" HPOS="1353"/><SP HEIGHT="42" WIDTH="26" VPOS="3413" HPOS="1386"/><String WC="1." CONTENT="minicomputer" HEIGHT="70" WIDTH="466" VPOS="3397" HPOS="1413"/><SP HEIGHT="56" WIDTH="20" VPOS="3399" HPOS="1880"/><String WC="0.83333331346511841" CONTENT="for" HEIGHT="56" WIDTH="100" VPOS="3399" HPOS="1901"/><SP HEIGHT="52" WIDTH="22" VPOS="3415" HPOS="2002"/><String WC="0.93500000238418579" CONTENT="yourself" HEIGHT="68" WIDTH="272" VPOS="3399" HPOS="2025"/><SP HEIGHT="56" WIDTH="22" VPOS="3399" HPOS="2298"/><String WC="1." CONTENT="or" HEIGHT="40" WIDTH="65" VPOS="3415" HPOS="2321"/></TextLine>
<TextLine BASELINE="3543" HEIGHT="70" WIDTH="388" VPOS="3489" HPOS="943"><String WC="1." CONTENT="your" HEIGHT="54" WIDTH="156" VPOS="3505" HPOS="943"/><SP HEIGHT="40" WIDTH="24" VPOS="3505" HPOS="1100"/><String WC="1." CONTENT="school" HEIGHT="56" WIDTH="206" VPOS="3489" HPOS="1125"/></TextLine>
</TextBlock>
<TextBlock ID="Page2_Block13" HEIGHT="82" WIDTH="1548" VPOS="3598" HPOS="930" LANG="en-US" STYLEREFS="StyleId-E403BA48-2B56-4615-A114-B35CF968CB7A-">
<TextLine BASELINE="3667" HEIGHT="58" WIDTH="1522" VPOS="3611" HPOS="945"><String WC="0.96714287996292114" CONTENT="books.." HEIGHT="58" WIDTH="258" VPOS="3611" HPOS="945"/><SP HEIGHT="12" WIDTH="30" VPOS="3657" HPOS="1204"/><String WC="1." CONTENT=".and" HEIGHT="56" WIDTH="132" VPOS="3613" HPOS="1235"/><SP HEIGHT="56" WIDTH="24" VPOS="3611" HPOS="1368"/><String WC="0.92285716533660889" CONTENT="films.." HEIGHT="58" WIDTH="226" VPOS="3611" HPOS="1393"/><SP HEIGHT="42" WIDTH="22" VPOS="3627" HPOS="1620"/><String WC="0.2199999988079071" CONTENT=";" HEIGHT="42" WIDTH="18" VPOS="3627" HPOS="1643"/><SP HEIGHT="42" WIDTH="22" VPOS="3627" HPOS="1662"/><String WC="1." CONTENT="and" HEIGHT="56" WIDTH="116" VPOS="3613" HPOS="1685"/><SP HEIGHT="56" WIDTH="28" VPOS="3613" HPOS="1802"/><String WC="0.98600000143051147" CONTENT="tools" HEIGHT="56" WIDTH="164" VPOS="3613" HPOS="1831"/><SP HEIGHT="42" WIDTH="18" VPOS="3627" HPOS="1996"/><String WC="0.77999997138977051" CONTENT="of" HEIGHT="56" WIDTH="72" VPOS="3613" HPOS="2015"/><SP HEIGHT="56" WIDTH="20" VPOS="3613" HPOS="2088"/><String WC="0.80000001192092896" CONTENT="the" HEIGHT="56" WIDTH="108" VPOS="3613" HPOS="2109"/><SP HEIGHT="56" WIDTH="22" VPOS="3613" HPOS="2218"/><String WC="0.95571428537368774" CONTENT="future." HEIGHT="56" WIDTH="226" VPOS="3613" HPOS="2241"/></TextLine>
</TextBlock>
<TextBlock ID="Page2_Block14" HEIGHT="192" WIDTH="1650" VPOS="2922" HPOS="716" LANG="en-US" STYLEREFS="StyleId-E403BA48-2B56-4615-A114-B35CF968CB7A-">
<TextLine BASELINE="2996" HEIGHT="58" WIDTH="1624" VPOS="2939" HPOS="731"><String WC="1." CONTENT="THE" HEIGHT="58" WIDTH="174" VPOS="2939" HPOS="731"/><SP HEIGHT="58" WIDTH="32" VPOS="2939" HPOS="906"/><String WC="0.95749998092651367" CONTENT="PEOPLE'S" HEIGHT="58" WIDTH="416" VPOS="2939" HPOS="939"/><SP HEIGHT="58" WIDTH="28" VPOS="2939" HPOS="1356"/><String WC="0.83125001192092896" CONTENT="COMPUTER" HEIGHT="58" WIDTH="488" VPOS="2939" HPOS="1385"/><SP HEIGHT="58" WIDTH="34" VPOS="2939" HPOS="1874"/><String WC="1." CONTENT="COMPANY" HEIGHT="58" WIDTH="446" VPOS="2939" HPOS="1909"/></TextLine>
<TextLine BASELINE="3086" HEIGHT="70" WIDTH="580" VPOS="3031" HPOS="735"><String WC="0.93999999761581421" CONTENT="is" HEIGHT="56" WIDTH="42" VPOS="3031" HPOS="735"/><SP HEIGHT="42" WIDTH="20" VPOS="3045" HPOS="778"/><String WC="1." CONTENT="a" HEIGHT="38" WIDTH="32" VPOS="3049" HPOS="799"/><SP HEIGHT="40" WIDTH="28" VPOS="3047" HPOS="832"/><String WC="0.9191666841506958" CONTENT="newspaper..." HEIGHT="54" WIDTH="454" VPOS="3047" HPOS="861"/></TextLine>
</TextBlock>
<TextBlock ID="Page2_Block15" HEIGHT="96" WIDTH="1650" VPOS="3140" HPOS="716" LANG="en-US" STYLEREFS="StyleId-E403BA48-2B56-4615-A114-B35CF968CB7A-">
<TextLine BASELINE="3209" HEIGHT="72" WIDTH="1110" VPOS="3153" HPOS="729"><String WC="1." CONTENT="about" HEIGHT="58" WIDTH="190" VPOS="3155" HPOS="729"/><SP HEIGHT="56" WIDTH="26" VPOS="3155" HPOS="920"/><String WC="0.97500002384185791" CONTENT="having" HEIGHT="72" WIDTH="210" VPOS="3153" HPOS="947"/><SP HEIGHT="72" WIDTH="24" VPOS="3153" HPOS="1158"/><String WC="1." CONTENT="fun" HEIGHT="56" WIDTH="108" VPOS="3153" HPOS="1183"/><SP HEIGHT="40" WIDTH="24" VPOS="3169" HPOS="1292"/><String WC="1." CONTENT="with" HEIGHT="56" WIDTH="144" VPOS="3153" HPOS="1317"/><SP HEIGHT="58" WIDTH="26" VPOS="3153" HPOS="1462"/><String WC="0.97222220897674561" CONTENT="computers" HEIGHT="62" WIDTH="350" VPOS="3161" HPOS="1489"/></TextLine>
</TextBlock>
<TextBlock ID="Page2_Block16" HEIGHT="1208" WIDTH="2896" VPOS="4766" HPOS="340" LANG="en-US" STYLEREFS="StyleId-445DF913-A516-40FE-A4CE-7B1C1030E057-"><Shape><Polygon POINTS="340,4766 2632,4766 2632,5042 3172,5042 3172,5318 3232,5318 3232,5600 3236,5600 3236,5974 340,5974 340,4766"/></Shape>
<TextLine BASELINE="4852" HEIGHT="98" WIDTH="2270" VPOS="4779" HPOS="353"><String WC="1." CONTENT="does" HEIGHT="68" WIDTH="178" VPOS="4795" HPOS="353"/><SP HEIGHT="58" WIDTH="22" VPOS="4817" HPOS="532"/><String WC="0.76499998569488525" CONTENT="your" HEIGHT="60" WIDTH="182" VPOS="4815" HPOS="555"/><SP HEIGHT="46" WIDTH="22" VPOS="4813" HPOS="738"/><String WC="0.9100000262260437" CONTENT="school," HEIGHT="84" WIDTH="272" VPOS="4789" HPOS="761"/><SP HEIGHT="64" WIDTH="28" VPOS="4813" HPOS="1034"/><String WC="1." CONTENT="group" HEIGHT="66" WIDTH="226" VPOS="4811" HPOS="1063"/><SP HEIGHT="64" WIDTH="24" VPOS="4809" HPOS="1290"/><String WC="0.99000000953674316" CONTENT="or" HEIGHT="48" WIDTH="82" VPOS="4809" HPOS="1315"/><SP HEIGHT="46" WIDTH="24" VPOS="4809" HPOS="1398"/><String WC="0.94083333015441895" CONTENT="organization" HEIGHT="84" WIDTH="478" VPOS="4787" HPOS="1423"/><SP HEIGHT="66" WIDTH="30" VPOS="4783" HPOS="1902"/><String WC="0.91250002384185791" CONTENT="have" HEIGHT="68" WIDTH="172" VPOS="4783" HPOS="1933"/><SP HEIGHT="48" WIDTH="24" VPOS="4803" HPOS="2106"/><String WC="1." CONTENT="a" HEIGHT="46" WIDTH="36" VPOS="4803" HPOS="2131"/><SP HEIGHT="46" WIDTH="32" VPOS="4803" HPOS="2168"/><String WC="1." CONTENT="computer?" HEIGHT="84" WIDTH="422" VPOS="4779" HPOS="2201"/></TextLine>
<TextLine BASELINE="4999" HEIGHT="86" WIDTH="986" VPOS="4931" HPOS="355"><String WC="1." CONTENT="do" HEIGHT="68" WIDTH="94" VPOS="4937" HPOS="355"/><SP HEIGHT="60" WIDTH="22" VPOS="4957" HPOS="450"/><String WC="0.56999999284744263" CONTENT="you" HEIGHT="60" WIDTH="150" VPOS="4957" HPOS="473"/><SP HEIGHT="68" WIDTH="30" VPOS="4935" HPOS="624"/><String WC="0.99250000715255737" CONTENT="have" HEIGHT="66" WIDTH="172" VPOS="4935" HPOS="655"/><SP HEIGHT="46" WIDTH="24" VPOS="4955" HPOS="828"/><String WC="1." CONTENT="a" HEIGHT="46" WIDTH="38" VPOS="4955" HPOS="853"/><SP HEIGHT="46" WIDTH="32" VPOS="4955" HPOS="892"/><String WC="0.96666663885116577" CONTENT="computer?" HEIGHT="84" WIDTH="416" VPOS="4931" HPOS="925"/></TextLine>
<TextLine BASELINE="5132" HEIGHT="96" WIDTH="2804" VPOS="5059" HPOS="355"><String WC="1." CONTENT="do" HEIGHT="66" WIDTH="94" VPOS="5079" HPOS="355"/><SP HEIGHT="54" WIDTH="26" VPOS="5101" HPOS="450"/><String WC="0.64666664600372314" CONTENT="you" HEIGHT="56" WIDTH="148" VPOS="5099" HPOS="477"/><SP HEIGHT="64" WIDTH="26" VPOS="5077" HPOS="626"/><String WC="0.90750002861022949" CONTENT="like" HEIGHT="64" WIDTH="140" VPOS="5077" HPOS="653"/><SP HEIGHT="56" WIDTH="28" VPOS="5097" HPOS="794"/><String WC="0.9024999737739563" CONTENT="your" HEIGHT="58" WIDTH="184" VPOS="5095" HPOS="823"/><SP HEIGHT="44" WIDTH="26" VPOS="5095" HPOS="1008"/><String WC="0.88111108541488647" CONTENT="computer?" HEIGHT="78" WIDTH="416" VPOS="5073" HPOS="1035"/><SP HEIGHT="80" WIDTH="52" VPOS="5069" HPOS="1452"/><String WC="0.74000000953674316" CONTENT="(do" HEIGHT="80" WIDTH="128" VPOS="5069" HPOS="1505"/><SP HEIGHT="56" WIDTH="24" VPOS="5091" HPOS="1634"/><String WC="1." CONTENT="you" HEIGHT="58" WIDTH="148" VPOS="5089" HPOS="1659"/><SP HEIGHT="66" WIDTH="24" VPOS="5067" HPOS="1808"/><String WC="0.91250002384185791" CONTENT="like" HEIGHT="66" WIDTH="144" VPOS="5067" HPOS="1833"/><SP HEIGHT="54" WIDTH="28" VPOS="5079" HPOS="1978"/><String WC="1." CONTENT="the" HEIGHT="66" WIDTH="118" VPOS="5065" HPOS="2007"/><SP HEIGHT="44" WIDTH="28" VPOS="5087" HPOS="2126"/><String WC="0.96875" CONTENT="computer" HEIGHT="70" WIDTH="374" VPOS="5075" HPOS="2155"/><SP HEIGHT="44" WIDTH="22" VPOS="5083" HPOS="2530"/><String WC="0.93642854690551758" CONTENT="manufacturer?)" HEIGHT="80" WIDTH="606" VPOS="5059" HPOS="2553"/></TextLine>
<TextLine BASELINE="5274" HEIGHT="88" WIDTH="1536" VPOS="5205" HPOS="359"><String WC="0.80666667222976685" CONTENT="how" HEIGHT="66" WIDTH="162" VPOS="5215" HPOS="359"/><SP HEIGHT="64" WIDTH="22" VPOS="5215" HPOS="522"/><String WC="0.85000002384185791" CONTENT="do" HEIGHT="66" WIDTH="98" VPOS="5215" HPOS="545"/><SP HEIGHT="58" WIDTH="24" VPOS="5235" HPOS="644"/><String WC="1." CONTENT="you" HEIGHT="58" WIDTH="148" VPOS="5235" HPOS="669"/><SP HEIGHT="66" WIDTH="36" VPOS="5213" HPOS="818"/><String WC="0.87199997901916504" CONTENT="build" HEIGHT="66" WIDTH="190" VPOS="5211" HPOS="855"/><SP HEIGHT="66" WIDTH="28" VPOS="5211" HPOS="1046"/><String WC="0.94999998807907104" CONTENT="a" HEIGHT="42" WIDTH="36" VPOS="5233" HPOS="1075"/><SP HEIGHT="44" WIDTH="32" VPOS="5231" HPOS="1112"/><String WC="1." CONTENT="cheap" HEIGHT="78" WIDTH="222" VPOS="5211" HPOS="1145"/><SP HEIGHT="68" WIDTH="32" VPOS="5221" HPOS="1368"/><String WC="1." CONTENT="tape" HEIGHT="68" WIDTH="158" VPOS="5221" HPOS="1401"/><SP HEIGHT="42" WIDTH="28" VPOS="5229" HPOS="1560"/><String WC="0.92142856121063232" CONTENT="winder?" HEIGHT="66" WIDTH="306" VPOS="5205" HPOS="1589"/></TextLine>
<TextLine BASELINE="5408" HEIGHT="104" WIDTH="2857" VPOS="5331" HPOS="359"><String WC="1." CONTENT="do" HEIGHT="70" WIDTH="92" VPOS="5353" HPOS="359"/><SP HEIGHT="60" WIDTH="26" VPOS="5375" HPOS="452"/><String WC="1." CONTENT="you" HEIGHT="60" WIDTH="148" VPOS="5375" HPOS="479"/><SP HEIGHT="70" WIDTH="28" VPOS="5351" HPOS="628"/><String WC="0.93000000715255737" CONTENT="have" HEIGHT="68" WIDTH="172" VPOS="5351" HPOS="657"/><SP HEIGHT="48" WIDTH="26" VPOS="5371" HPOS="830"/><String WC="1." CONTENT="any" HEIGHT="60" WIDTH="146" VPOS="5371" HPOS="857"/><SP HEIGHT="62" WIDTH="20" VPOS="5373" HPOS="1004"/><String WC="0.93500000238418579" CONTENT="good" HEIGHT="86" WIDTH="190" VPOS="5349" HPOS="1025"/><SP HEIGHT="84" WIDTH="26" VPOS="5349" HPOS="1216"/><String WC="1." CONTENT="game" HEIGHT="66" WIDTH="200" VPOS="5367" HPOS="1243"/><SP HEIGHT="60" WIDTH="22" VPOS="5369" HPOS="1444"/><String WC="0.87285715341567993" CONTENT="playing" HEIGHT="84" WIDTH="286" VPOS="5345" HPOS="1467"/><SP HEIGHT="64" WIDTH="22" VPOS="5365" HPOS="1754"/><String WC="0.99500000476837158" CONTENT="programs" HEIGHT="68" WIDTH="362" VPOS="5359" HPOS="1777"/><SP HEIGHT="48" WIDTH="22" VPOS="5359" HPOS="2140"/><String WC="1." CONTENT="or" HEIGHT="48" WIDTH="80" VPOS="5359" HPOS="2163"/><SP HEIGHT="44" WIDTH="24" VPOS="5359" HPOS="2244"/><String WC="0.79000002145767212" CONTENT="simulations" HEIGHT="66" WIDTH="450" VPOS="5337" HPOS="2269"/><SP HEIGHT="80" WIDTH="26" VPOS="5333" HPOS="2720"/><String WC="0.74000000953674316" CONTENT="(in" HEIGHT="80" WIDTH="102" VPOS="5333" HPOS="2747"/><SP HEIGHT="64" WIDTH="26" VPOS="5335" HPOS="2850"/><String WC="0.84285712242126465" CONTENT="BASIC)?" HEIGHT="80" WIDTH="339" VPOS="5331" HPOS="2877"/></TextLine>
<TextLine BASELINE="5556" HEIGHT="80" WIDTH="750" VPOS="5491" HPOS="361"><String WC="0.85500001907348633" CONTENT="what" HEIGHT="66" WIDTH="184" VPOS="5493" HPOS="361"/><SP HEIGHT="66" WIDTH="24" VPOS="5493" HPOS="546"/><String WC="1." CONTENT="do" HEIGHT="66" WIDTH="98" VPOS="5493" HPOS="571"/><SP HEIGHT="58" WIDTH="26" VPOS="5513" HPOS="670"/><String WC="1." CONTENT="you" HEIGHT="58" WIDTH="150" VPOS="5513" HPOS="697"/><SP HEIGHT="44" WIDTH="30" VPOS="5513" HPOS="848"/><String WC="0.80199998617172241" CONTENT="want?" HEIGHT="66" WIDTH="232" VPOS="5491" HPOS="879"/></TextLine>
<TextLine BASELINE="5689" HEIGHT="100" WIDTH="2862" VPOS="5613" HPOS="363"><String WC="0.88999998569488525" CONTENT="would" HEIGHT="70" WIDTH="230" VPOS="5631" HPOS="363"/><SP HEIGHT="80" WIDTH="28" VPOS="5633" HPOS="594"/><String WC="1." CONTENT="you" HEIGHT="60" WIDTH="148" VPOS="5653" HPOS="623"/><SP HEIGHT="68" WIDTH="26" VPOS="5631" HPOS="772"/><String WC="0.74250000715255737" CONTENT="like" HEIGHT="66" WIDTH="144" VPOS="5631" HPOS="799"/><SP HEIGHT="56" WIDTH="28" VPOS="5641" HPOS="944"/><String WC="1." CONTENT="to" HEIGHT="58" WIDTH="78" VPOS="5641" HPOS="973"/><SP HEIGHT="70" WIDTH="26" VPOS="5629" HPOS="1052"/><String WC="1." CONTENT="do" HEIGHT="68" WIDTH="98" VPOS="5629" HPOS="1079"/><SP HEIGHT="48" WIDTH="26" VPOS="5649" HPOS="1178"/><String WC="1." CONTENT="one" HEIGHT="46" WIDTH="140" VPOS="5649" HPOS="1205"/><SP HEIGHT="48" WIDTH="24" VPOS="5647" HPOS="1346"/><String WC="0.8399999737739563" CONTENT="or" HEIGHT="48" WIDTH="82" VPOS="5647" HPOS="1371"/><SP HEIGHT="48" WIDTH="26" VPOS="5645" HPOS="1454"/><String WC="1." CONTENT="more" HEIGHT="48" WIDTH="196" VPOS="5645" HPOS="1481"/><SP HEIGHT="62" WIDTH="24" VPOS="5645" HPOS="1678"/><String WC="0.99800002574920654" CONTENT="pages" HEIGHT="66" WIDTH="212" VPOS="5643" HPOS="1703"/><SP HEIGHT="46" WIDTH="24" VPOS="5643" HPOS="1916"/><String WC="0.72000002861022949" CONTENT="of" HEIGHT="68" WIDTH="90" VPOS="5621" HPOS="1941"/><SP HEIGHT="84" WIDTH="14" VPOS="5621" HPOS="2032"/><String WC="0.96727269887924194" CONTENT="photo-ready" HEIGHT="88" WIDTH="480" VPOS="5617" HPOS="2047"/><SP HEIGHT="60" WIDTH="24" VPOS="5637" HPOS="2528"/><String WC="1." CONTENT="copy" HEIGHT="62" WIDTH="196" VPOS="5637" HPOS="2553"/><SP HEIGHT="82" WIDTH="22" VPOS="5615" HPOS="2750"/><String WC="1." CONTENT="for" HEIGHT="68" WIDTH="118" VPOS="5615" HPOS="2773"/><SP HEIGHT="46" WIDTH="20" VPOS="5635" HPOS="2892"/><String WC="1." CONTENT="a" HEIGHT="46" WIDTH="38" VPOS="5635" HPOS="2913"/><SP HEIGHT="68" WIDTH="30" VPOS="5613" HPOS="2952"/><String WC="1." CONTENT="future" HEIGHT="68" WIDTH="242" VPOS="5613" HPOS="2983"/></TextLine>
<TextLine BASELINE="5806" HEIGHT="68" WIDTH="226" VPOS="5741" HPOS="359"><String WC="0.95499998331069946" CONTENT="issue?" HEIGHT="68" WIDTH="226" VPOS="5741" HPOS="359"/></TextLine>
<TextLine BASELINE="5940" HEIGHT="98" WIDTH="2656" VPOS="5865" HPOS="365"><String WC="0.95800000429153442" CONTENT="would" HEIGHT="70" WIDTH="232" VPOS="5881" HPOS="365"/><SP HEIGHT="82" WIDTH="28" VPOS="5881" HPOS="598"/><String WC="1." CONTENT="you" HEIGHT="60" WIDTH="146" VPOS="5903" HPOS="627"/><SP HEIGHT="48" WIDTH="28" VPOS="5901" HPOS="774"/><String WC="0.79500001668930054" CONTENT="or" HEIGHT="48" WIDTH="84" VPOS="5901" HPOS="803"/><SP HEIGHT="60" WIDTH="24" VPOS="5901" HPOS="888"/><String WC="0.91250002384185791" CONTENT="your" HEIGHT="62" WIDTH="184" VPOS="5899" HPOS="913"/><SP HEIGHT="64" WIDTH="22" VPOS="5899" HPOS="1098"/><String WC="0.93999999761581421" CONTENT="group" HEIGHT="66" WIDTH="226" VPOS="5897" HPOS="1121"/><SP HEIGHT="86" WIDTH="24" VPOS="5875" HPOS="1348"/><String WC="0.81999999284744263" CONTENT="like" HEIGHT="68" WIDTH="142" VPOS="5875" HPOS="1373"/><SP HEIGHT="56" WIDTH="28" VPOS="5887" HPOS="1516"/><String WC="1." CONTENT="to" HEIGHT="56" WIDTH="74" VPOS="5887" HPOS="1545"/><SP HEIGHT="48" WIDTH="30" VPOS="5895" HPOS="1620"/><String WC="1." CONTENT="edit" HEIGHT="68" WIDTH="148" VPOS="5873" HPOS="1651"/><SP HEIGHT="54" WIDTH="22" VPOS="5885" HPOS="1800"/><String WC="1." CONTENT="and" HEIGHT="68" WIDTH="138" VPOS="5871" HPOS="1823"/><SP HEIGHT="84" WIDTH="26" VPOS="5871" HPOS="1962"/><String WC="0.96857142448425293" CONTENT="produce" HEIGHT="86" WIDTH="320" VPOS="5869" HPOS="1989"/><SP HEIGHT="48" WIDTH="20" VPOS="5889" HPOS="2310"/><String WC="1." CONTENT="a" HEIGHT="46" WIDTH="38" VPOS="5889" HPOS="2331"/><SP HEIGHT="46" WIDTH="32" VPOS="5889" HPOS="2370"/><String WC="0.95749998092651367" CONTENT="complete" HEIGHT="84" WIDTH="362" VPOS="5865" HPOS="2403"/><SP HEIGHT="66" WIDTH="28" VPOS="5867" HPOS="2766"/><String WC="0.90499997138977051" CONTENT="issue?" HEIGHT="66" WIDTH="226" VPOS="5865" HPOS="2795"/></TextLine>
</TextBlock>
<TextBlock ID="Page2_Block17" HEIGHT="236" WIDTH="1546" VPOS="6382" HPOS="848" LANG="en-US" STYLEREFS="StyleId-E403BA48-2B56-4615-A114-B35CF968CB7A-">
<TextLine BASELINE="6600" HEIGHT="204" WIDTH="1516" VPOS="6398" HPOS="862"><String WC="0.75999999046325684" CONTENT="€№€№" HEIGHT="204" WIDTH="1516" VPOS="6398" HPOS="862"/></TextLine>
</TextBlock>
<Illustration ID="Page2_Block18" HEIGHT="1982" WIDTH="2270" VPOS="6416" HPOS="490"><Shape><Polygon POINTS="2378,6416 2760,6416 2760,8392 646,8392 646,8398 546,8398 546,8392 490,8392 490,6602 2378,6602 2378,6416"/></Shape></Illustration>
<TextBlock ID="Page2_Block19" HEIGHT="300" WIDTH="2226" VPOS="8376" HPOS="630" LANG="en-US" STYLEREFS="StyleId-E403BA48-2B56-4615-A114-B35CF968CB7A-">
<TextLine BASELINE="8620" HEIGHT="264" WIDTH="2192" VPOS="8396" HPOS="644"><String WC="0.34000000357627869" CONTENT="SERIOUS" HEIGHT="248" WIDTH="1280" VPOS="8412" HPOS="644"/><SP HEIGHT="232" WIDTH="102" VPOS="8404" HPOS="1925"/><String WC="0.38999998569488525" CONTENT="STUFF" HEIGHT="224" WIDTH="808" VPOS="8396" HPOS="2028"/></TextLine>
</TextBlock>
<TextBlock ID="Page2_Block20" HEIGHT="120" WIDTH="688" VPOS="9014" HPOS="4134" LANG="fr" STYLEREFS="StyleId-E403BA48-2B56-4615-A114-B35CF968CB7A-">
<TextLine BASELINE="9122" HEIGHT="96" WIDTH="662" VPOS="9027" HPOS="4149"><String WC="0.57909089326858521" CONTENT="a.naxôsa.d." HEIGHT="96" WIDTH="610" VPOS="9027" HPOS="4149"/><String WC="0.74000000953674316" LANG="en-US" CONTENT="." HEIGHT="20" WIDTH="22" VPOS="9101" HPOS="4789"/></TextLine>
</TextBlock>
<TextBlock ID="Page2_Block21" HEIGHT="88" WIDTH="77" VPOS="9234" HPOS="6850" LANG="en-US" STYLEREFS="StyleId-E403BA48-2B56-4615-A114-B35CF968CB7A-">
<TextLine BASELINE="9310" HEIGHT="86" WIDTH="20" VPOS="9235" HPOS="6863"><String WC="0.18000000715255737" CONTENT="(" HEIGHT="86" WIDTH="20" VPOS="9235" HPOS="6863"/></TextLine>
</TextBlock>
<TextBlock ID="Page2_Block22" HEIGHT="70" WIDTH="79" VPOS="9414" HPOS="6848" LANG="en-US" STYLEREFS="StyleId-E403BA48-2B56-4615-A114-B35CF968CB7A-">
<TextLine BASELINE="9472" HEIGHT="62" WIDTH="16" VPOS="9414" HPOS="6861"><String WC="0.27000001072883606" CONTENT="1" HEIGHT="62" WIDTH="16" VPOS="9414" HPOS="6861"/></TextLine>
</TextBlock>
<TextBlock ID="Page2_Block23" HEIGHT="174" WIDTH="1312" VPOS="10050" HPOS="4976" LANG="en-US" STYLEREFS="StyleId-E403BA48-2B56-4615-A114-B35CF968CB7A-">
<TextLine BASELINE="10185" HEIGHT="145" WIDTH="1282" VPOS="10063" HPOS="4993"><String WC="1." CONTENT="This" HEIGHT="124" WIDTH="336" VPOS="10065" HPOS="4993"/><SP HEIGHT="126" WIDTH="60" VPOS="10063" HPOS="5330"/><String WC="1." CONTENT="is" HEIGHT="122" WIDTH="116" VPOS="10063" HPOS="5391"/><SP HEIGHT="109" WIDTH="52" VPOS="10099" HPOS="5508"/><String WC="1." CONTENT="page" HEIGHT="111" WIDTH="382" VPOS="10097" HPOS="5561"/><SP HEIGHT="90" WIDTH="66" VPOS="10095" HPOS="5944"/><String WC="1." CONTENT="one" HEIGHT="88" WIDTH="264" VPOS="10093" HPOS="6011"/></TextLine>
</TextBlock>
<TextBlock ID="Page2_Block24" HEIGHT="202" WIDTH="71" VPOS="9768" HPOS="6856" LANG="en-US" STYLEREFS="StyleId-E403BA48-2B56-4615-A114-B35CF968CB7A-">
<TextLine BASELINE="9904" HEIGHT="134" WIDTH="20" VPOS="9771" HPOS="6865"><String WC="1." CONTENT="i" HEIGHT="134" WIDTH="20" VPOS="9771" HPOS="6865"/></TextLine>
</TextBlock>
<Illustration ID="Page2_Block25" HEIGHT="1902" WIDTH="6589" VPOS="8796" HPOS="338"><Shape><Polygon POINTS="338,8796 4148,8796 4148,9478 4992,9478 4992,9956 6927,9956 6927,10698 338,10698 338,8796"/></Shape></Illustration>
<TextBlock ID="Page2_Block26" HEIGHT="222" WIDTH="2426" VPOS="586" HPOS="3956" STYLEREFS="StyleId-3AE23056-D223-4C13-8810-C00D458ECDD5-">
<TextLine BASELINE="756" HEIGHT="196" WIDTH="2404" VPOS="598" HPOS="3970"><String WC="0.33000001311302185" LANG="de" CONTENT="Volume" HEIGHT="156" WIDTH="412" VPOS="598" HPOS="3970"/><SP HEIGHT="152" WIDTH="70" VPOS="598" HPOS="4383"/><String WC="0.73250001668930054" LANG="en-US" CONTENT="One," HEIGHT="180" WIDTH="224" VPOS="598" HPOS="4454"/><SP HEIGHT="172" WIDTH="66" VPOS="606" HPOS="4679"/><String WC="0.32666665315628052" LANG="de" CONTENT="Number" HEIGHT="152" WIDTH="440" VPOS="606" HPOS="4746"/><SP HEIGHT="152" WIDTH="70" VPOS="606" HPOS="5187"/><String WC="0.58499997854232788" LANG="en-US" CONTENT="One;" HEIGHT="180" WIDTH="236" VPOS="606" HPOS="5258"/><SP HEIGHT="176" WIDTH="74" VPOS="610" HPOS="5495"/><String WC="0.46500000357627869" LANG="en-US" CONTENT="October," HEIGHT="184" WIDTH="456" VPOS="610" HPOS="5570"/><SP HEIGHT="176" WIDTH="50" VPOS="618" HPOS="6027"/><String WC="0.51399999856948853" LANG="en-US" CONTENT="1972." HEIGHT="156" WIDTH="296" VPOS="614" HPOS="6078"/></TextLine>
</TextBlock>
<TextBlock ID="Page2_Block27" HEIGHT="116" WIDTH="922" VPOS="886" HPOS="5428" STYLEREFS="StyleId-E403BA48-2B56-4615-A114-B35CF968CB7A-">
<TextLine BASELINE="968" HEIGHT="92" WIDTH="896" VPOS="899" HPOS="5443"><String WC="0.65222221612930298" LANG="fr" CONTENT="Copyright" HEIGHT="86" WIDTH="328" VPOS="899" HPOS="5443"/><SP HEIGHT="56" WIDTH="30" VPOS="911" HPOS="5772"/><String WC="0.76749998331069946" LANG="en-US" CONTENT="1972" HEIGHT="60" WIDTH="164" VPOS="911" HPOS="5803"/><SP HEIGHT="58" WIDTH="24" VPOS="913" HPOS="5968"/><String WC="0.43500000238418579" LANG="en-US" CONTENT="by" HEIGHT="76" WIDTH="84" VPOS="913" HPOS="5993"/><SP HEIGHT="78" WIDTH="20" VPOS="911" HPOS="6078"/><String WC="1." LANG="en-US" CONTENT="Dymax" HEIGHT="80" WIDTH="240" VPOS="911" HPOS="6099"/></TextLine>
</TextBlock><Illustration ID="Page2_Block28" HEIGHT="1620" WIDTH="576" VPOS="1192" HPOS="5766"/>
<TextBlock ID="Page2_Block29" HEIGHT="98" WIDTH="1356" VPOS="3546" HPOS="3904" LANG="en-US" STYLEREFS="StyleId-445DF913-A516-40FE-A4CE-7B1C1030E057-">
<TextLine BASELINE="3627" HEIGHT="74" WIDTH="1330" VPOS="3559" HPOS="3919"><String WC="0.94499999284744263" CONTENT="PEOPLE" HEIGHT="70" WIDTH="340" VPOS="3563" HPOS="3919"/><SP HEIGHT="66" WIDTH="8" VPOS="3563" HPOS="4260"/><String WC="0.89999997615814209" LANG="de" CONTENT="’S" HEIGHT="66" WIDTH="64" VPOS="3563" HPOS="4269"/><SP HEIGHT="66" WIDTH="24" VPOS="3563" HPOS="4334"/><String WC="0.83375000953674316" CONTENT="COMPUTER" HEIGHT="70" WIDTH="496" VPOS="3561" HPOS="4359"/><SP HEIGHT="70" WIDTH="32" VPOS="3559" HPOS="4856"/><String WC="0.81666666269302368" CONTENT="CENTER" HEIGHT="70" WIDTH="360" VPOS="3559" HPOS="4889"/></TextLine>
</TextBlock>
<TextBlock ID="Page2_Block30" HEIGHT="1590" WIDTH="2406" VPOS="3734" HPOS="3902" LANG="en-US" STYLEREFS="StyleId-445DF913-A516-40FE-A4CE-7B1C1030E057-"><Shape><Polygon POINTS="3902,3734 6308,3734 6308,5324 4404,5324 4404,4856 3902,4856 3902,3734"/></Shape>
<TextLine BASELINE="3813" HEIGHT="84" WIDTH="364" VPOS="3747" HPOS="3919"><String WC="0.56000000238418579" CONTENT="is" HEIGHT="64" WIDTH="52" VPOS="3751" HPOS="3919"/><SP HEIGHT="44" WIDTH="24" VPOS="3769" HPOS="3972"/><String WC="0.74000000953674316" CONTENT="a" HEIGHT="44" WIDTH="36" VPOS="3769" HPOS="3997"/><SP HEIGHT="62" WIDTH="28" VPOS="3769" HPOS="4034"/><String WC="0.8216666579246521" CONTENT="place." HEIGHT="84" WIDTH="220" VPOS="3747" HPOS="4063"/></TextLine>
<TextLine BASELINE="3949" HEIGHT="92" WIDTH="2374" VPOS="3879" HPOS="3923"><String WC="0.9649999737739563" CONTENT=".." HEIGHT="12" WIDTH="58" VPOS="3943" HPOS="3923"/><SP HEIGHT="12" WIDTH="36" VPOS="3943" HPOS="3982"/><String WC="1." CONTENT=".a" HEIGHT="46" WIDTH="80" VPOS="3909" HPOS="4019"/><SP HEIGHT="62" WIDTH="30" VPOS="3909" HPOS="4100"/><String WC="0.91200000047683716" CONTENT="place" HEIGHT="84" WIDTH="200" VPOS="3887" HPOS="4131"/><SP HEIGHT="56" WIDTH="26" VPOS="3897" HPOS="4332"/><String WC="0.88999998569488525" CONTENT="to" HEIGHT="58" WIDTH="78" VPOS="3897" HPOS="4359"/><SP HEIGHT="70" WIDTH="26" VPOS="3885" HPOS="4438"/><String WC="1." CONTENT="do" HEIGHT="70" WIDTH="100" VPOS="3885" HPOS="4465"/><SP HEIGHT="58" WIDTH="30" VPOS="3897" HPOS="4566"/><String WC="1." CONTENT="the" HEIGHT="68" WIDTH="118" VPOS="3885" HPOS="4597"/><SP HEIGHT="56" WIDTH="32" VPOS="3897" HPOS="4716"/><String WC="0.9649999737739563" CONTENT="things" HEIGHT="84" WIDTH="232" VPOS="3885" HPOS="4749"/><SP HEIGHT="54" WIDTH="26" VPOS="3897" HPOS="4982"/><String WC="0.97333335876464844" CONTENT="the" HEIGHT="68" WIDTH="120" VPOS="3883" HPOS="5009"/><SP HEIGHT="66" WIDTH="26" VPOS="3883" HPOS="5130"/><String WC="0.83625000715255737" CONTENT="People’s" HEIGHT="84" WIDTH="318" VPOS="3881" HPOS="5157"/><SP HEIGHT="70" WIDTH="26" VPOS="3879" HPOS="5476"/><String WC="0.94625002145767212" CONTENT="Computer" HEIGHT="84" WIDTH="392" VPOS="3879" HPOS="5503"/><SP HEIGHT="68" WIDTH="28" VPOS="3879" HPOS="5896"/><String WC="0.86000001430511475" CONTENT="Company" HEIGHT="84" WIDTH="372" VPOS="3879" HPOS="5925"/></TextLine>
<TextLine BASELINE="4060" HEIGHT="70" WIDTH="446" VPOS="3993" HPOS="4063"><String WC="0.85799998044967651" CONTENT="talks" HEIGHT="68" WIDTH="180" VPOS="3993" HPOS="4063"/><SP HEIGHT="46" WIDTH="18" VPOS="4015" HPOS="4244"/><String WC="0.9466666579246521" CONTENT="about." HEIGHT="68" WIDTH="246" VPOS="3995" HPOS="4263"/></TextLine>
<TextLine BASELINE="4165" HEIGHT="88" WIDTH="2136" VPOS="4097" HPOS="3921"><String WC="0.92500001192092896" CONTENT=".." HEIGHT="14" WIDTH="60" VPOS="4157" HPOS="3921"/><SP HEIGHT="14" WIDTH="36" VPOS="4157" HPOS="3982"/><String WC="1." CONTENT="." HEIGHT="12" WIDTH="14" VPOS="4157" HPOS="4019"/><SP HEIGHT="46" WIDTH="28" VPOS="4123" HPOS="4034"/><String WC="1." CONTENT="a" HEIGHT="46" WIDTH="38" VPOS="4123" HPOS="4063"/><SP HEIGHT="62" WIDTH="28" VPOS="4123" HPOS="4102"/><String WC="0.94599997997283936" CONTENT="place" HEIGHT="84" WIDTH="198" VPOS="4101" HPOS="4131"/><SP HEIGHT="56" WIDTH="30" VPOS="4113" HPOS="4330"/><String WC="0.9100000262260437" CONTENT="to" HEIGHT="56" WIDTH="78" VPOS="4113" HPOS="4361"/><SP HEIGHT="62" WIDTH="26" VPOS="4123" HPOS="4440"/><String WC="1." CONTENT="play" HEIGHT="84" WIDTH="172" VPOS="4101" HPOS="4467"/><SP HEIGHT="58" WIDTH="22" VPOS="4123" HPOS="4640"/><String WC="1." CONTENT="with" HEIGHT="68" WIDTH="170" VPOS="4099" HPOS="4663"/><SP HEIGHT="68" WIDTH="30" VPOS="4099" HPOS="4834"/><String WC="0.93777775764465332" CONTENT="computers" HEIGHT="70" WIDTH="410" VPOS="4111" HPOS="4865"/><SP HEIGHT="46" WIDTH="28" VPOS="4119" HPOS="5276"/><String WC="1." CONTENT="—" HEIGHT="8" WIDTH="56" VPOS="4137" HPOS="5305"/><SP HEIGHT="46" WIDTH="26" VPOS="4119" HPOS="5362"/><String WC="1." CONTENT="at" HEIGHT="56" WIDTH="72" VPOS="4109" HPOS="5389"/><SP HEIGHT="56" WIDTH="28" VPOS="4109" HPOS="5462"/><String WC="1." CONTENT="modest" HEIGHT="68" WIDTH="282" VPOS="4097" HPOS="5491"/><SP HEIGHT="72" WIDTH="24" VPOS="4107" HPOS="5774"/><String WC="0.92857140302658081" CONTENT="prices." HEIGHT="80" WIDTH="258" VPOS="4099" HPOS="5799"/></TextLine>
<TextLine BASELINE="4273" HEIGHT="86" WIDTH="1646" VPOS="4207" HPOS="3921"><String WC="1." CONTENT="..." HEIGHT="12" WIDTH="112" VPOS="4265" HPOS="3921"/><SP HEIGHT="48" WIDTH="26" VPOS="4229" HPOS="4034"/><String WC="0.56000000238418579" CONTENT="a" HEIGHT="48" WIDTH="38" VPOS="4229" HPOS="4061"/><SP HEIGHT="64" WIDTH="30" VPOS="4229" HPOS="4100"/><String WC="0.88400000333786011" CONTENT="place" HEIGHT="84" WIDTH="198" VPOS="4209" HPOS="4131"/><SP HEIGHT="56" WIDTH="30" VPOS="4221" HPOS="4330"/><String WC="1." CONTENT="to" HEIGHT="56" WIDTH="78" VPOS="4221" HPOS="4361"/><SP HEIGHT="68" WIDTH="26" VPOS="4209" HPOS="4440"/><String WC="0.87199997901916504" CONTENT="learn" HEIGHT="68" WIDTH="188" VPOS="4209" HPOS="4467"/><SP HEIGHT="68" WIDTH="32" VPOS="4207" HPOS="4656"/><String WC="1." CONTENT="how" HEIGHT="70" WIDTH="164" VPOS="4207" HPOS="4689"/><SP HEIGHT="56" WIDTH="30" VPOS="4219" HPOS="4854"/><String WC="1." CONTENT="to" HEIGHT="56" WIDTH="76" VPOS="4219" HPOS="4885"/><SP HEIGHT="46" WIDTH="32" VPOS="4229" HPOS="4962"/><String WC="1." CONTENT="use" HEIGHT="46" WIDTH="114" VPOS="4227" HPOS="4995"/><SP HEIGHT="46" WIDTH="30" VPOS="4227" HPOS="5110"/><String WC="0.96299999952316284" CONTENT="computers." HEIGHT="72" WIDTH="426" VPOS="4217" HPOS="5141"/></TextLine>
<TextLine BASELINE="4413" HEIGHT="88" WIDTH="2234" VPOS="4343" HPOS="3921"><String WC="0.5" CONTENT="We" HEIGHT="68" WIDTH="108" VPOS="4349" HPOS="3921"/><SP HEIGHT="68" WIDTH="26" VPOS="4349" HPOS="4030"/><String WC="1." CONTENT="have" HEIGHT="68" WIDTH="174" VPOS="4349" HPOS="4057"/><SP HEIGHT="46" WIDTH="22" VPOS="4371" HPOS="4232"/><String WC="1." CONTENT="a" HEIGHT="46" WIDTH="36" VPOS="4371" HPOS="4255"/><SP HEIGHT="48" WIDTH="30" VPOS="4369" HPOS="4292"/><String WC="0.87333333492279053" CONTENT="small," HEIGHT="84" WIDTH="222" VPOS="4347" HPOS="4323"/><SP HEIGHT="84" WIDTH="28" VPOS="4347" HPOS="4546"/><String WC="0.94749999046325684" CONTENT="friendly" HEIGHT="82" WIDTH="312" VPOS="4347" HPOS="4575"/><SP HEIGHT="60" WIDTH="26" VPOS="4369" HPOS="4888"/><String WC="0.99250000715255737" CONTENT="computer" HEIGHT="74" WIDTH="374" VPOS="4357" HPOS="4915"/><SP HEIGHT="46" WIDTH="30" VPOS="4367" HPOS="5290"/><String WC="1." CONTENT="..." HEIGHT="12" WIDTH="112" VPOS="4401" HPOS="5321"/><SP HEIGHT="46" WIDTH="28" VPOS="4367" HPOS="5434"/><String WC="1." CONTENT="an" HEIGHT="46" WIDTH="90" VPOS="4367" HPOS="5463"/><SP HEIGHT="64" WIDTH="28" VPOS="4347" HPOS="5554"/><String WC="0.99888890981674194" CONTENT="EduSystem" HEIGHT="82" WIDTH="442" VPOS="4343" HPOS="5583"/><SP HEIGHT="68" WIDTH="30" VPOS="4343" HPOS="6026"/><String WC="0.7149999737739563" CONTENT="20" HEIGHT="68" WIDTH="98" VPOS="4343" HPOS="6057"/></TextLine>
<TextLine BASELINE="4519" HEIGHT="90" WIDTH="2200" VPOS="4451" HPOS="3919"><String WC="1." CONTENT="(see" HEIGHT="82" WIDTH="142" VPOS="4455" HPOS="3919"/><SP HEIGHT="68" WIDTH="26" VPOS="4455" HPOS="4062"/><String WC="0.89999997615814209" CONTENT="Page" HEIGHT="86" WIDTH="176" VPOS="4455" HPOS="4089"/><SP HEIGHT="68" WIDTH="28" VPOS="4455" HPOS="4266"/><String WC="0.79750001430511475" CONTENT="14)," HEIGHT="84" WIDTH="148" VPOS="4453" HPOS="4295"/><SP HEIGHT="62" WIDTH="28" VPOS="4475" HPOS="4444"/><String WC="1." CONTENT="a" HEIGHT="46" WIDTH="36" VPOS="4475" HPOS="4473"/><SP HEIGHT="54" WIDTH="36" VPOS="4467" HPOS="4510"/><String WC="0.92454546689987183" CONTENT="timesharing" HEIGHT="86" WIDTH="448" VPOS="4453" HPOS="4547"/><SP HEIGHT="74" WIDTH="32" VPOS="4465" HPOS="4996"/><String WC="0.83249998092651367" CONTENT="terminal" HEIGHT="70" WIDTH="320" VPOS="4451" HPOS="5029"/><SP HEIGHT="68" WIDTH="30" VPOS="4451" HPOS="5350"/><String WC="0.94499999284744263" CONTENT="that" HEIGHT="68" WIDTH="148" VPOS="4451" HPOS="5381"/><SP HEIGHT="56" WIDTH="30" VPOS="4463" HPOS="5530"/><String WC="1." CONTENT="connects" HEIGHT="56" WIDTH="346" VPOS="4463" HPOS="5561"/><SP HEIGHT="46" WIDTH="28" VPOS="4473" HPOS="5908"/><String WC="1." CONTENT="us" HEIGHT="46" WIDTH="78" VPOS="4473" HPOS="5937"/><SP HEIGHT="56" WIDTH="28" VPOS="4461" HPOS="6016"/><String WC="1." CONTENT="to" HEIGHT="58" WIDTH="74" VPOS="4461" HPOS="6045"/></TextLine>
<TextLine BASELINE="4626" HEIGHT="88" WIDTH="2210" VPOS="4557" HPOS="3923"><String WC="1." CONTENT="the" HEIGHT="68" WIDTH="114" VPOS="4561" HPOS="3923"/><SP HEIGHT="46" WIDTH="30" VPOS="4583" HPOS="4038"/><String WC="0.84399998188018799" CONTENT="world" HEIGHT="70" WIDTH="218" VPOS="4561" HPOS="4069"/><SP HEIGHT="68" WIDTH="28" VPOS="4563" HPOS="4288"/><String WC="0.74333333969116211" CONTENT="and" HEIGHT="68" WIDTH="136" VPOS="4561" HPOS="4317"/><SP HEIGHT="68" WIDTH="26" VPOS="4561" HPOS="4454"/><String WC="1." CONTENT="a" HEIGHT="44" WIDTH="36" VPOS="4583" HPOS="4481"/><SP HEIGHT="66" WIDTH="38" VPOS="4563" HPOS="4518"/><String WC="0.81999999284744263" CONTENT="Textronix" HEIGHT="66" WIDTH="390" VPOS="4563" HPOS="4557"/><SP HEIGHT="62" WIDTH="22" VPOS="4583" HPOS="4948"/><String WC="0.95833331346511841" CONTENT="programmable" HEIGHT="88" WIDTH="558" VPOS="4557" HPOS="4971"/><SP HEIGHT="46" WIDTH="30" VPOS="4581" HPOS="5530"/><String WC="0.94090908765792847" CONTENT="calculator," HEIGHT="82" WIDTH="404" VPOS="4557" HPOS="5561"/><SP HEIGHT="60" WIDTH="26" VPOS="4579" HPOS="5966"/><String WC="1." CONTENT="and" HEIGHT="68" WIDTH="140" VPOS="4557" HPOS="5993"/></TextLine>
<TextLine BASELINE="4733" HEIGHT="90" WIDTH="2264" VPOS="4663" HPOS="3919"><String WC="0.79750001430511475" CONTENT="some" HEIGHT="48" WIDTH="194" VPOS="4689" HPOS="3919"/><SP HEIGHT="46" WIDTH="24" VPOS="4691" HPOS="4114"/><String WC="0.83799999952316284" CONTENT="small" HEIGHT="66" WIDTH="202" VPOS="4669" HPOS="4139"/><SP HEIGHT="66" WIDTH="24" VPOS="4669" HPOS="4342"/><String WC="0.8399999737739563" CONTENT="simple" HEIGHT="84" WIDTH="250" VPOS="4669" HPOS="4367"/><SP HEIGHT="46" WIDTH="28" VPOS="4691" HPOS="4618"/><String WC="0.84727275371551514" CONTENT="calculators" HEIGHT="70" WIDTH="420" VPOS="4667" HPOS="4647"/><SP HEIGHT="48" WIDTH="18" VPOS="4687" HPOS="5068"/><String WC="1." CONTENT="and" HEIGHT="68" WIDTH="140" VPOS="4667" HPOS="5087"/><SP HEIGHT="68" WIDTH="32" VPOS="4667" HPOS="5228"/><String WC="1." CONTENT="books" HEIGHT="68" WIDTH="232" VPOS="4667" HPOS="5261"/><SP HEIGHT="56" WIDTH="28" VPOS="4677" HPOS="5494"/><String WC="1." CONTENT="to" HEIGHT="58" WIDTH="72" VPOS="4677" HPOS="5523"/><SP HEIGHT="70" WIDTH="30" VPOS="4665" HPOS="5596"/><String WC="0.83499997854232788" CONTENT="help" HEIGHT="84" WIDTH="164" VPOS="4665" HPOS="5627"/><SP HEIGHT="62" WIDTH="28" VPOS="4687" HPOS="5792"/><String WC="1." CONTENT="you" HEIGHT="60" WIDTH="148" VPOS="4687" HPOS="5821"/><SP HEIGHT="68" WIDTH="24" VPOS="4663" HPOS="5970"/><String WC="0.80800002813339233" CONTENT="learn" HEIGHT="68" WIDTH="188" VPOS="4663" HPOS="5995"/></TextLine>
<TextLine BASELINE="4840" HEIGHT="65" WIDTH="282" VPOS="4775" HPOS="3919"><String WC="0.88666665554046631" CONTENT="and..." HEIGHT="65" WIDTH="282" VPOS="4775" HPOS="3919"/></TextLine>
<TextLine BASELINE="4980" HEIGHT="72" WIDTH="1336" VPOS="4911" HPOS="4421"><String WC="0.9962499737739563" CONTENT="PEOPLE’S" HEIGHT="68" WIDTH="420" VPOS="4915" HPOS="4421"/><SP HEIGHT="70" WIDTH="24" VPOS="4913" HPOS="4842"/><String WC="0.6600000262260437" CONTENT="COMPUTER" HEIGHT="70" WIDTH="494" VPOS="4913" HPOS="4867"/><SP HEIGHT="70" WIDTH="32" VPOS="4911" HPOS="5362"/><String WC="1." CONTENT="CENTER" HEIGHT="70" WIDTH="362" VPOS="4911" HPOS="5395"/></TextLine>
<TextLine BASELINE="5087" HEIGHT="70" WIDTH="856" VPOS="5021" HPOS="4425"><String WC="0.82749998569488525" CONTENT="1921" HEIGHT="70" WIDTH="180" VPOS="5021" HPOS="4425"/><SP HEIGHT="66" WIDTH="36" VPOS="5023" HPOS="4606"/><String WC="0.93714284896850586" CONTENT="Menalto" HEIGHT="68" WIDTH="318" VPOS="5021" HPOS="4643"/><SP HEIGHT="68" WIDTH="26" VPOS="5021" HPOS="4962"/><String WC="0.98666667938232422" CONTENT="Avenue" HEIGHT="66" WIDTH="292" VPOS="5021" HPOS="4989"/></TextLine>
<TextLine BASELINE="5194" HEIGHT="88" WIDTH="1176" VPOS="5123" HPOS="4419"><String WC="0.92400002479553223" CONTENT="Menlo" HEIGHT="70" WIDTH="238" VPOS="5127" HPOS="4419"/><SP HEIGHT="68" WIDTH="28" VPOS="5129" HPOS="4658"/><String WC="0.99800002574920654" CONTENT="Park," HEIGHT="82" WIDTH="196" VPOS="5129" HPOS="4687"/><SP HEIGHT="84" WIDTH="32" VPOS="5127" HPOS="4884"/><String WC="0.88499999046325684" CONTENT="California" HEIGHT="68" WIDTH="376" VPOS="5127" HPOS="4917"/><SP HEIGHT="70" WIDTH="60" VPOS="5125" HPOS="5294"/><String WC="0.94199997186660767" CONTENT="94025" HEIGHT="72" WIDTH="240" VPOS="5123" HPOS="5355"/></TextLine>
<TextLine BASELINE="5296" HEIGHT="80" WIDTH="620" VPOS="5233" HPOS="4425"><String WC="1." CONTENT="(415)" HEIGHT="80" WIDTH="210" VPOS="5233" HPOS="4425"/><SP HEIGHT="76" WIDTH="30" VPOS="5235" HPOS="4636"/><String WC="0.72374999523162842" CONTENT="323-6117" HEIGHT="66" WIDTH="378" VPOS="5233" HPOS="4667"/></TextLine>
</TextBlock>
<TextBlock ID="Page2_Block31" HEIGHT="128" WIDTH="1626" VPOS="7756" HPOS="4092" LANG="en-US" STYLEREFS="StyleId-005B92B4-525C-4C9C-AB9D-E09BF2344A2F-">
<TextLine BASELINE="7861" HEIGHT="104" WIDTH="1604" VPOS="7769" HPOS="4105"><String WC="0.2824999988079071" CONTENT="TAKE" HEIGHT="98" WIDTH="356" VPOS="7769" HPOS="4105"/><SP HEIGHT="82" WIDTH="56" VPOS="7777" HPOS="4462"/><String WC="0.51999998092651367" CONTENT="A" HEIGHT="80" WIDTH="106" VPOS="7777" HPOS="4519"/><SP HEIGHT="80" WIDTH="52" VPOS="7777" HPOS="4626"/><String WC="0.28999999165534973" CONTENT="PEEK" HEIGHT="88" WIDTH="374" VPOS="7779" HPOS="4679"/><SP HEIGHT="84" WIDTH="40" VPOS="7783" HPOS="5054"/><String WC="0.22571428120136261" CONTENT="TNSTDE." HEIGHT="90" WIDTH="614" VPOS="7783" HPOS="5095"/></TextLine>
</TextBlock>
<TextBlock ID="Page2_Block32" HEIGHT="164" WIDTH="2230" VPOS="7984" HPOS="4096" STYLEREFS="StyleId-579500E1-308F-4B83-B9ED-DE8E7E9C7282-">
<TextLine BASELINE="8106" HEIGHT="140" WIDTH="2206" VPOS="7997" HPOS="4109"><String WC="0.57999998331069946" LANG="fr" CONTENT="^Ctrà." HEIGHT="106" WIDTH="358" VPOS="7997" HPOS="4109"/><SP HEIGHT="64" WIDTH="48" VPOS="8035" HPOS="4468"/><String WC="0.26857143640518188" LANG="de" CONTENT="ttmövä." HEIGHT="74" WIDTH="330" VPOS="8029" HPOS="4517"/><SP HEIGHT="80" WIDTH="52" VPOS="8023" HPOS="4848"/><String WC="0.42500001192092896" LANG="en-US" CONTENT="Copies" HEIGHT="114" WIDTH="418" VPOS="8023" HPOS="4901"/><SP HEIGHT="70" WIDTH="78" VPOS="8045" HPOS="5320"/><String WC="0.62000000476837158" LANG="en-US" CONTENT="oS" HEIGHT="104" WIDTH="124" VPOS="8003" HPOS="5399"/><SP HEIGHT="104" WIDTH="48" VPOS="8003" HPOS="5524"/><String WC="0.98500001430511475" LANG="en-US" CONTENT="this" HEIGHT="100" WIDTH="262" VPOS="8015" HPOS="5573"/><SP HEIGHT="96" WIDTH="36" VPOS="8019" HPOS="5836"/><String WC="0.41999998688697815" LANG="de" CONTENT="XSSUUÄ" HEIGHT="100" WIDTH="344" VPOS="8019" HPOS="5873"/><SP HEIGHT="116" WIDTH="42" VPOS="7999" HPOS="6218"/><String WC="1." LANG="en-US" CONTENT="?" HEIGHT="106" WIDTH="54" VPOS="7999" HPOS="6261"/></TextLine>
</TextBlock>
<TextBlock ID="Page2_Block33" HEIGHT="128" WIDTH="648" VPOS="8222" HPOS="4440" STYLEREFS="StyleId-005B92B4-525C-4C9C-AB9D-E09BF2344A2F-">
<TextLine BASELINE="8329" HEIGHT="104" WIDTH="624" VPOS="8235" HPOS="4453"><String WC="0.26399999856948853" LANG="fr" CONTENT="QUANT" HEIGHT="100" WIDTH="404" VPOS="8235" HPOS="4453"/><SP HEIGHT="82" WIDTH="16" VPOS="8251" HPOS="4858"/><String WC="0.42333334684371948" LANG="en-US" CONTENT="XT^" HEIGHT="96" WIDTH="202" VPOS="8243" HPOS="4875"/></TextLine>
</TextBlock>
<TextBlock ID="Page2_Block34" HEIGHT="116" WIDTH="420" VPOS="8220" HPOS="5502" LANG="en-US" STYLEREFS="StyleId-005B92B4-525C-4C9C-AB9D-E09BF2344A2F-">
<TextLine BASELINE="8322" HEIGHT="92" WIDTH="396" VPOS="8233" HPOS="5515"><String WC="0.63599997758865356" CONTENT="PRICE" HEIGHT="92" WIDTH="396" VPOS="8233" HPOS="5515"/></TextLine>
</TextBlock>
<TextBlock ID="Page2_Block35" HEIGHT="250" WIDTH="640" VPOS="8452" HPOS="5506" STYLEREFS="StyleId-005B92B4-525C-4C9C-AB9D-E09BF2344A2F-">
<TextLine BASELINE="8563" HEIGHT="102" WIDTH="530" VPOS="8465" HPOS="5527"><String WC="1." LANG="fr" CONTENT="à" HEIGHT="102" WIDTH="60" VPOS="8465" HPOS="5527"/><String WC="0.57249999046325684" LANG="en-US" CONTENT="0.50" HEIGHT="88" WIDTH="250" VPOS="8479" HPOS="5603"/><SP HEIGHT="80" WIDTH="38" VPOS="8487" HPOS="5854"/><String WC="0.57333332300186157" LANG="ru" CONTENT="4а." HEIGHT="72" WIDTH="164" VPOS="8487" HPOS="5893"/></TextLine>
<TextLine BASELINE="8682" HEIGHT="92" WIDTH="544" VPOS="8599" HPOS="5519"><String WC="0.43999999761581421" LANG="en-US" CONTENT="$0.^0" HEIGHT="92" WIDTH="334" VPOS="8599" HPOS="5519"/><SP HEIGHT="76" WIDTH="36" VPOS="8609" HPOS="5854"/><String WC="0.43000000715255737" LANG="fr" CONTENT="CA." HEIGHT="72" WIDTH="172" VPOS="8613" HPOS="5891"/></TextLine>
</TextBlock>
<TextBlock ID="Page2_Block36" HEIGHT="410" WIDTH="2186" VPOS="8608" HPOS="4134" LANG="en-US" STYLEREFS="StyleId-579500E1-308F-4B83-B9ED-DE8E7E9C7282-"><Shape><Polygon POINTS="4134,8608 5182,8608 5182,8734 6320,8734 6320,9018 4134,9018 4134,8608"/></Shape>
<TextLine BASELINE="8694" HEIGHT="74" WIDTH="706" VPOS="8623" HPOS="4465" STYLEREFS="StyleId-445DF913-A516-40FE-A4CE-7B1C1030E057-"><String WC="0.3033333420753479" CONTENT="VOO" HEIGHT="72" WIDTH="190" VPOS="8623" HPOS="4465"/><SP HEIGHT="66" WIDTH="40" VPOS="8629" HPOS="4656"/><String WC="0.27500000596046448" LANG="ru" CONTENT="от" HEIGHT="64" WIDTH="112" VPOS="8629" HPOS="4697"/><SP HEIGHT="60" WIDTH="46" VPOS="8631" HPOS="4810"/><String WC="0.46500000357627869" CONTENT="TV\0r£" HEIGHT="72" WIDTH="314" VPOS="8625" HPOS="4857"/></TextLine>
<TextLine BASELINE="8874" HEIGHT="152" WIDTH="2152" VPOS="8749" HPOS="4157"><String WC="0.54714286327362061" CONTENT="V\gjol^" HEIGHT="118" WIDTH="448" VPOS="8769" HPOS="4157"/><SP HEIGHT="86" WIDTH="76" VPOS="8801" HPOS="4606"/><String WC="0.51999998092651367" CONTENT="se.^" HEIGHT="98" WIDTH="328" VPOS="8779" HPOS="4683"/><SP HEIGHT="28" WIDTH="296" VPOS="8851" HPOS="5041"/><String WC="0.30166667699813843" CONTENT="copies" HEIGHT="124" WIDTH="404" VPOS="8777" HPOS="5359"/><SP HEIGHT="74" WIDTH="84" VPOS="8795" HPOS="5764"/><String WC="0.56999999284744263" LANG="fr" CONTENT="oÇ" HEIGHT="122" WIDTH="140" VPOS="8749" HPOS="5849"/><SP HEIGHT="122" WIDTH="64" VPOS="8749" HPOS="5990"/><String WC="0.50749999284744263" CONTENT="^he." HEIGHT="112" WIDTH="254" VPOS="8763" HPOS="6055"/></TextLine>
<TextLine BASELINE="8994" HEIGHT="118" WIDTH="2144" VPOS="8889" HPOS="4149"><String WC="0.37999999523162842" LANG="fr" CONTENT="ÔCX" HEIGHT="82" WIDTH="200" VPOS="8925" HPOS="4149"/><SP HEIGHT="86" WIDTH="84" VPOS="8917" HPOS="4350"/><String WC="0.2199999988079071" CONTENT="WZ" HEIGHT="86" WIDTH="250" VPOS="8917" HPOS="4435"/><SP HEIGHT="100" WIDTH="70" VPOS="8895" HPOS="4686"/><String WC="0.14399999380111694" CONTENT="\ssux" HEIGHT="96" WIDTH="378" VPOS="8895" HPOS="4757"/><SP HEIGHT="76" WIDTH="76" VPOS="8915" HPOS="5136"/><String WC="0.64499998092651367" CONTENT="O^" HEIGHT="104" WIDTH="134" VPOS="8891" HPOS="5213"/><SP HEIGHT="104" WIDTH="84" VPOS="8891" HPOS="5348"/><String WC="0.32499998807907104" CONTENT="VCC." HEIGHT="94" WIDTH="286" VPOS="8903" HPOS="5433"/><SP HEIGHT="98" WIDTH="46" VPOS="8889" HPOS="5720"/><String WC="1." CONTENT="^" HEIGHT="96" WIDTH="82" VPOS="8889" HPOS="5767"/><SP HEIGHT="28" WIDTH="424" VPOS="8963" HPOS="5869"/></TextLine>
</TextBlock>
<TextBlock ID="Page2_Block37" HEIGHT="248" WIDTH="566" VPOS="9246" HPOS="4132" LANG="en-US" STYLEREFS="StyleId-005B92B4-525C-4C9C-AB9D-E09BF2344A2F-">
<TextLine BASELINE="9358" HEIGHT="114" WIDTH="543" VPOS="9261" HPOS="4155"><String WC="0.64999997615814209" CONTENT="Najr\&amp;" HEIGHT="106" WIDTH="344" VPOS="9261" HPOS="4155"/><SP HEIGHT="90" WIDTH="50" VPOS="9285" HPOS="4500"/><String WC="0.63999998569488525" CONTENT="," HEIGHT="22" WIDTH="14" VPOS="9353" HPOS="4551"/><SP HEIGHT="18" WIDTH="133" VPOS="9357" HPOS="4565"/></TextLine>
<TextLine BASELINE="9478" HEIGHT="87" WIDTH="538" VPOS="9391" HPOS="4149"><String WC="0.3271428644657135" CONTENT="AAdrass" HEIGHT="87" WIDTH="538" VPOS="9391" HPOS="4149"/></TextLine>
</TextBlock><GraphicalElement ID="Page2_Block38" HEIGHT="42" WIDTH="590" VPOS="6392" HPOS="4242"/><GraphicalElement ID="Page2_Block39" HEIGHT="26" WIDTH="328" VPOS="6836" HPOS="856"/><GraphicalElement ID="Page2_Block40" HEIGHT="24" WIDTH="422" VPOS="8962" HPOS="5868"/><GraphicalElement ID="Page2_Block41" HEIGHT="18" WIDTH="1754" VPOS="9356" HPOS="4550"/><GraphicalElement ID="Page2_Block42" HEIGHT="16" WIDTH="1588" VPOS="9478" HPOS="4712"/><GraphicalElement ID="Page2_Block43" HEIGHT="18" WIDTH="1578" VPOS="9596" HPOS="4720"/><GraphicalElement ID="Page2_Block44" HEIGHT="34" WIDTH="1186" VPOS="10554" HPOS="3718"/><GraphicalElement ID="Page2_Block45" HEIGHT="46" WIDTH="2722" VPOS="10568" HPOS="614"/><GraphicalElement ID="Page2_Block46" HEIGHT="10" WIDTH="382" VPOS="10572" HPOS="3336"/><GraphicalElement ID="Page2_Block47" HEIGHT="36" WIDTH="276" VPOS="10588" HPOS="338"/><GraphicalElement ID="Page2_Block48" HEIGHT="240" WIDTH="10" VPOS="844" HPOS="760"/><GraphicalElement ID="Page2_Block49" HEIGHT="240" WIDTH="12" VPOS="840" HPOS="914"/><GraphicalElement ID="Page2_Block50" HEIGHT="428" WIDTH="28" VPOS="7672" HPOS="1568"/><GraphicalElement ID="Page2_Block51" HEIGHT="310" WIDTH="12" VPOS="834" HPOS="1570"/><GraphicalElement ID="Page2_Block52" HEIGHT="374" WIDTH="30" VPOS="7136" HPOS="1674"/><GraphicalElement ID="Page2_Block53" HEIGHT="270" WIDTH="16" VPOS="856" HPOS="1702"/><GraphicalElement ID="Page2_Block54" HEIGHT="194" WIDTH="12" VPOS="1368" HPOS="1954"/><GraphicalElement ID="Page2_Block55" HEIGHT="338" WIDTH="26" VPOS="6160" HPOS="4772"/><GraphicalElement ID="Page2_Block56" HEIGHT="7912" WIDTH="85" VPOS="538" HPOS="6842"/>
</PrintSpace>
</Page>
</alto>
