6948 10703
732 692 1904 312 LOOKING

740 1076 1400 304 ATURE
2204 1308 72 72 .
2356 1164 128 184 ¡»

761 1536 826 60 COMPUTERWORLD

764 1637 158 59 “The
951 1642 396 75 newsweekly
1364 1641 106 75 for
1497 1643 99 56 the
1624 1650 317 66 computer
1967 1641 384 72 community

761 1800 267 80 $9/year,
1052 1806 323 76 published
1401 1807 250 74 weekly.

759 1885 364 61 Circulation
1150 1887 398 78 Department

761 1970 120 59 797
911 1968 376 81 Washington
1315 1969 197 61 Street

756 2050 278 75 Newton,
1062 2053 173 61 Mass.
1287 2055 211 58 02160

760 2243 173 66 How
966 2246 94 64 do
1093 2267 146 60 you
1267 2249 180 80 keep
1478 2268 95 60 up
1601 2248 172 64 with
1806 2252 368 74 computer
2204 2244 309 66 science?

762 2343 187 66 Read
984 2344 624 83 Computerworld.
1677 2347 168 63 New
1878 2345 361 80 products,
2271 2364 152 45 new

759 2444 487 81 applications,
1277 2466 150 44 new
1463 2447 425 79 companies,
1918 2463 321 61 mergers,
2270 2444 122 65 fail­

761 2579 171 45 ures.
988 2558 149 64 The
1171 2556 160 67 Wall
1356 2557 230 65 Street
1608 2555 298 66 Journal
1934 2554 85 66 of
2042 2554 120 64 the
2198 2572 211 62 comp­

761 2673 150 59 uter
942 2666 342 80 industry.
1345 2664 339 66 Standard
1718 2681 406 62 newspaper
2154 2661 264 65 mosaic

760 2774 257 65 format
1049 2773 134 65 and
1217 2773 379 81 reporting,
1623 2772 175 64 with
1830 2770 434 77 columnists,
2296 2769 111 65 edi­

759 2881 202 65 torial
991 2900 195 61 page,
1219 2882 66 62 in
1315 2880 223 80 depth
1569 2879 348 65 serialized
1953 2878 328 76 features,
2311 2877 135 64 and

757 2987 272 66 articles
1057 2986 84 66 of
1162 2987 274 80 general
1468 2988 307 63 interest.

2816 4105 128 60 One
2966 4129 146 55 year
3137 4108 346 78 (excluding
3509 4111 99 56 the
3637 4107 333 80 Computer
3993 4108 324 77 Directory
4338 4111 122 57 and

2809 4189 231 77 Buyers
3065 4188 224 71 Guide)
3317 4194 78 55 12
3421 4195 200 69 issues,
3656 4190 129 62 U.S.
3815 4194 171 75 only:
4019 4192 206 65 $9.50.

2816 4303 126 62 One
2963 4329 150 54 year
3135 4308 333 77 (including
3493 4310 100 56 the
3622 4307 333 79 Computer
3979 4307 322 78 Directory
4323 4309 121 58 and

2807 4388 231 77 Buyers
3065 4388 222 70 Guide)
3316 4392 78 57 13
3420 4395 199 68 issues,
3654 4389 130 62 U.S.
3813 4393 171 75 only:
4017 4392 250 64 $18.50.

4886 3684 149 49 Note:
5082 3686 86 48 We
5191 3689 196 48 believe
5409 3691 174 47 books
5603 3693 165 47 about
5793 3701 303 49 computers
6117 3708 83 34 are
6224 3698 119 45 best
6368 3699 308 47 introduced

4881 3766 54 40 to
4960 3762 241 47 students
5221 3776 58 34 or
5302 3765 233 58 budding
5560 3775 277 48 computer
5860 3769 172 47 freaks
6055 3770 133 46 after
6211 3771 127 57 they
6365 3773 124 45 have
6515 3773 96 47 had

4881 3846 142 35 some
5047 3835 252 48 hands-on
5327 3847 214 39 contact
5563 3841 127 46 with
5714 3842 90 47 the
5830 3842 215 48 Modern
6069 3843 406 60 Technological

4882 3906 180 49 Marvel
5092 3910 154 49 itself.

4876 4023 206 61 From:
5182 4024 149 62 W.H.
5360 4025 289 61 Freeman
5672 4026 57 60 &
5756 4026 316 80 Company

5178 4110 120 59 660
5322 4108 237 61 Market
5582 4109 197 61 Street

5175 4191 114 60 San
5316 4191 338 74 Francisco,
5684 4192 167 77 Calif.
5885 4196 208 59 94104

2817 3774 206 60 From:
3213 3776 292 77 Berkeley
3529 3776 389 79 Enterprises,
3944 3777 124 60 Inc.

3215 3863 124 58 815
3372 3859 373 79 Washington
3774 3859 197 60 Street

3116 3942 415 73 Newtonville,
3555 3941 174 61 Mass.
3782 3944 204 58 02161

698 10066 260 216 2nd
998 10134 252 172 page,
1274 10118 196 184 just
1522 10126 100 136 in
1670 10150 220 116 ease
1938 10154 180 160 you
2178 10150 256 108 were
2494 10114 546 192 wondering

3111 5789 232 72 ад»
3349 5789 372 83 м^

2924 700 1128 304 OVER
4324 684 800 304 THE
5380 676 1416 312 LITER

2833 1158 544 61 COMPUTERS
3405 1161 192 57 AND
3632 1158 616 61 AUTOMATION

2850 1258 158 59 “The
3039 1264 297 73 magazine
3364 1262 77 75 of
3459 1265 100 55 the
3585 1262 222 79 design,
3831 1262 422 77 applications,
4279 1261 121 57 and

2833 1344 398 75 implications
3257 1346 78 73 of
3350 1346 392 74 information
3765 1348 350 75 processing
4137 1357 272 63 systems.
4429 1344 37 26 ”

2832 1502 163 64 This
3025 1504 376 79 periodical
3432 1505 54 62 is
3514 1505 118 62 the
3667 1505 249 63 closest
3950 1505 195 77 thing
4176 1511 75 56 to
4285 1505 205 77 being
4520 1505 118 63 the

2830 1601 361 80 Scientific
3215 1602 370 64 American
3622 1602 84 63 of
3731 1603 119 63 the
3885 1603 716 79 computer-oriented

2835 1720 203 61 press.
3096 1701 436 81 Apparently
3563 1701 154 63 well
3746 1702 402 64 researched
4182 1701 297 78 articles,

2832 1801 214 64 broad
3080 1807 353 74 spectrum
3463 1800 86 65 of
3571 1801 255 79 topics:
3887 1800 378 65 Technical
4294 1801 199 76 (hard­

2832 1911 176 47 ware
3039 1896 134 64 and
3208 1897 385 81 software),
3625 1900 235 79 social,
3892 1901 473 80 educational,
4395 1903 120 80 pol­

2831 1997 207 67 itical.
3098 1999 120 67 It’s
3245 2021 37 44 a
3315 2001 350 79 magazine
3695 2000 172 64 with
3897 2020 36 44 a
3968 2000 433 65 conscience.

2828 2099 417 85 Computers
3270 2108 142 65 and
3436 2108 473 64 Automation
3946 2105 54 63 is
4029 2104 219 78 heavy
4280 2123 94 44 on
4406 2105 212 63 social

2834 2206 355 58 comment
3220 2201 134 64 and
3389 2201 421 64 humanistic
3839 2218 154 46 uses
4022 2199 86 64 of
4135 2204 423 74 computers.

2831 2294 217 82 Every
3076 2298 271 80 August
3378 2301 178 64 issue
3587 2300 281 65 focuses
3896 2319 95 45 on
4021 2298 392 80 Computer
4441 2298 154 76 Art;

2829 2413 201 62 every
3059 2396 240 66 March
3331 2399 174 64 issue
3535 2419 95 43 on
3662 2399 389 80 Computer
4079 2400 71 63 in
4182 2397 417 65 Education.

2827 2591 421 83 Computers
3276 2595 132 64 and
3442 2595 471 64 Automation
3945 2596 256 64 thrives
4231 2615 95 44 on
4361 2601 248 59 contro­

2827 2709 193 63 versy
3054 2732 57 6 —
3143 2699 111 74 try
3284 2694 219 64 these:
3580 2692 181 65 “The
3787 2694 516 64 Assassination
4335 2693 94 79 of

2821 2788 355 68 President
3200 2791 190 66 John
3422 2790 68 68 F.
3530 2791 376 79 Kennedy:
3946 2791 140 65 The
4115 2791 455 81 Application

2822 2887 93 79 of
2934 2887 420 84 Computers
3384 2901 72 55 to
3491 2891 118 65 the
3636 2890 519 82 Photographic
4181 2889 363 66 Evidence.
4574 2890 40 21 ”

2827 2984 219 82 (May,
3084 2985 211 81 1970,
3325 3008 36 44 a
3391 2989 360 78 dynamite
3783 2989 298 78 article);
4115 2988 192 65 "The
4351 2987 312 67 Vietnam

2819 3082 215 66 Peace
3065 3082 245 67 Game:
3351 3084 728 82 Computer-Assisted
4108 3086 418 66 Simulation

2821 3180 93 79 of
2931 3179 343 82 Complex
3300 3182 368 66 Relations
3695 3186 68 60 in
3793 3183 517 66 International
4328 3183 176 66 Rela­

2817 3287 197 62 tions.
3043 3283 39 21 ”
3110 3283 293 80 (March,
3442 3281 244 80 1970);
3728 3283 90 64 “A
3857 3283 393 82 Computer
4276 3285 270 64 Labora­

2816 3401 155 68 tory
2992 3391 127 78 for
3142 3390 446 80 Elementary
3620 3390 312 67 Schools.
3960 3390 42 22 ”
4026 3392 212 76 (June
4281 3389 243 81 1972);

2827 3497 180 65 “The
3044 3497 166 67 Uses
3236 3499 94 78 of
3350 3498 418 82 Computers
3797 3503 67 61 in
3891 3519 40 45 a
3961 3497 323 67 Political
4312 3498 166 67 Cam­

2809 3609 219 78 paign.
3057 3605 40 22 ”
3123 3606 328 80 (August,
3490 3604 242 80 1971).

4321 5753 291 79 ter!®

4917 1139 540 66 COMPUTERS
5483 1149 196 58 AND
5713 1149 658 62 COMPUTATION

4914 1300 159 64 This
5103 1302 53 63 is
5185 1304 117 64 the
5334 1307 151 65 best
5517 1309 194 65 book
5735 1311 225 64 about
5998 1316 404 75 computers
6437 1364 11 9 .
6484 1366 12 10 .
6534 1367 11 11 .

4912 1411 181 64 what
5126 1412 167 81 they
5324 1434 137 60 are,
5492 1418 159 62 how
5685 1420 168 77 they
5886 1420 395 79 happened,
6314 1420 158 63 how
6505 1423 167 80 they

4910 1521 188 63 work
5134 1522 130 64 and
5298 1522 159 64 how
5493 1525 167 78 they
5691 1545 110 43 are
5832 1527 192 63 used.
6085 1527 418 82 Computers
6527 1530 143 66 and

4912 1628 500 83 Computation
5452 1631 292 63 consists
5772 1632 85 62 of
5884 1631 93 65 26
6007 1636 274 65 articles
6312 1636 185 66 from

4906 1734 359 82 Scientific
5289 1738 403 78 American,
5732 1736 184 66 1950
5947 1740 306 82 through
6294 1743 205 65 1971.

4907 1897 141 65 The
5077 1901 193 64 book
5304 1902 55 63 is
5386 1901 275 65 divided
5696 1902 150 64 into
5879 1903 137 64 five
6048 1909 327 65 sections:

4999 2187 60 58 II

4997 2269 90 60 III

4995 2351 88 60 IV

5009 2435 52 58 V

5197 2105 469 61 Fundamentals

5201 2188 232 74 Games,
5458 2188 191 61 Music
5672 2191 121 57 and
5814 2191 306 75 Artificial
6140 2193 384 81 Intelligence

5194 2270 420 60 Mathematics
5639 2273 86 74 of,
5755 2274 99 75 by,
5877 2275 123 57 and
6015 2275 110 74 for
6149 2275 360 80 Computers

5199 2352 328 80 Computer
5550 2353 234 61 Models
5810 2357 79 74 of
5905 2359 100 56 the
6029 2356 152 61 Real
6210 2359 192 61 World

5195 2434 160 62 Four
5376 2436 215 78 Essays
5615 2459 80 37 on
5725 2441 99 56 the
5857 2438 141 62 Uses
6024 2442 79 74 of
6118 2445 100 56 the
6247 2442 333 81 Computer

4897 2607 294 68 Articles
5223 2613 302 64 include:
5567 2613 436 84 “Computer
6033 2617 212 82 Logic
6271 2623 138 64 and
6443 2621 184 66 Mem­

4897 2707 202 80 ory”,
5131 2709 436 82 “Computer
5599 2713 244 82 Inputs
5869 2717 136 64 and
6037 2717 392 84 Outputs”,

4901 2805 430 84 “Computer
5361 2809 396 84 Displays”,
5789 2813 242 68 “Time
6065 2815 286 86 Sharing
6379 2841 96 46 on

4899 2907 472 80 computers”,
5403 2909 108 64 “A
5539 2909 216 70 Chess
5783 2911 282 84 Playing
6093 2915 398 84 Machine”,

4897 3003 430 84 “Computer
5357 3007 298 82 Music”,
5685 3011 396 68 “Artificial
6111 3015 518 84 Intelligence”,

4897 3101 320 84 “Games,
5249 3105 212 82 Logic
5487 3109 136 66 and
5655 3109 500 84 Computers”,
6213 3115 192 68 “The
6437 3117 242 66 Monte

4889 3201 200 68 Carlo
5121 3203 372 84 Method”,
5525 3205 362 84 “Systems
5915 3211 322 82 Analysis
6263 3215 90 64 of
6377 3215 232 66 Urban

4889 3297 652 88 Transportation”,
5575 3305 558 70 “Chromosome
6163 3311 324 82 Analysis
6515 3315 94 78 by

4887 3395 460 86 Computer”,
5381 3401 208 68 “Man
5619 3403 284 68 Viewed
5935 3427 74 46 as
6035 3427 38 46 a
6103 3407 398 84 Machine”,
6529 3411 134 66 and

4891 3493 188 68 “The
5109 3497 172 68 Uses
5307 3499 86 66 of
5415 3499 390 84 Computer
5835 3505 72 64 in
5935 3505 474 70 Education.”

5169 4356 340 75 Published,
5540 4360 183 70 1971,
5750 4361 128 58 283
5902 4381 194 56 pages.

5175 4441 183 64 $4.95
5378 4442 308 77 postpaid.
