5700 9150
626 838 1020 144 AMERICAN

410 1110 476 144 CIVIL
966 1102 848 144 LIBERTIES

478 1366 1344 148 UNION-NEWS

3846 810 396 140 FREE
4318 806 664 144 SPEECH

3914 1074 392 140 FREE
4390 1066 540 148 PRESS

3578 1342 400 144 FREE
4022 1330 1244 152 ASSEMBLAGE

1732 1996 464 77 “Eternal
2235 1995 455 97 vigilance
2725 1995 90 74 is
2861 1993 156 76 the
3044 1993 271 95 price
3358 1990 114 76 of
3489 1987 462 96 liberty.”

831 2225 717 86 CENSORSHIP
1604 2225 120 79 IN
1779 2221 238 83 SAN
2071 2218 276 85 JOSE

511 2374 144 65 San
701 2374 177 82 Jose
924 2373 130 63 has
1081 2368 451 67 established
1561 2366 98 66 its
1690 2365 223 67 Chief
1958 2365 81 64 of
2087 2362 255 65 Police
2390 2381 77 44 as
2495 2380 258 44 censor

422 2483 82 66 of
549 2480 397 66 handbills.
1035 2481 122 62 An
1199 2477 400 66 ordinance
1640 2475 246 65 which
1930 2475 129 62 has
2105 2473 155 82 just
2302 2472 297 62 become
2647 2469 75 64 ef­

424 2589 277 65 fective
759 2586 369 85 prohibits
1182 2588 125 63 the
1366 2582 486 68 distribution
1907 2582 81 63 of
2039 2578 374 66 handbills
2470 2576 284 64 “which

423 2720 120 43 are
588 2698 357 64 intended
991 2707 75 53 to
1113 2717 84 42 or
1241 2694 382 63 LIKELY
1671 2703 76 53 to
1792 2689 229 64 incite
2069 2688 207 75 riots,
2323 2685 224 65 racial
2595 2703 128 63 pre­

423 2806 313 85 judices,
786 2802 637 67 ENCOURAGE
1471 2801 205 65 force
1725 2801 143 62 and
1913 2797 336 64 violence
2293 2793 292 84 against
2629 2793 125 63 the

427 2914 451 66 established
924 2910 472 66 institutions
1443 2931 81 42 or
1567 2907 244 64 which
1858 2927 120 43 are
2025 2915 346 69 contrary
2414 2912 75 52 to
2536 2919 219 63 peace

427 3026 142 63 and
627 3025 193 81 good
877 3023 216 62 order
1149 3041 81 41 or
1282 3021 125 62 the
1462 3015 253 84 public
1767 3014 312 82 safety.”
2179 3013 159 62 The
2400 3008 222 66 Chief
2676 3007 80 64 of

430 3131 253 64 Police
734 3132 130 62 has
911 3130 185 63 been
1143 3128 261 63 named
1453 3136 77 52 to
1583 3123 258 66 decide
1888 3122 199 63 what
2137 3119 62 65 is
2248 3117 383 64 LIKELY
2679 3125 77 54 to

425 3242 86 62 be
554 3241 139 62 bad
738 3238 121 63 for
896 3235 252 83 public
1191 3231 542 83 consumption.
1825 3232 70 61 It
1936 3229 63 64 is
2042 3230 194 62 clear
2277 3227 161 63 that
2478 3225 126 63 the
2646 3244 81 42 or­

427 3347 312 66 dinance
802 3345 62 64 is
926 3344 355 63 intended
1342 3352 78 53 to
1483 3338 508 67 discriminate
2047 3335 293 84 against
2398 3331 359 82 minority

426 3453 339 85 political
817 3472 277 63 groups
1146 3452 142 63 and
1343 3446 401 85 organized
1799 3447 225 62 labor.
2120 3445 159 62 The
2334 3442 87 63 A.
2454 3440 77 65 C.
2559 3441 81 63 L.
2667 3440 90 63 U.

424 3563 157 65 will
627 3561 347 65 institute
1021 3560 195 82 legal
1260 3555 492 86 proceedings
1799 3565 76 53 to
1926 3551 258 67 decide
2229 3550 334 65 whether
2606 3547 151 65 this

427 3672 172 64 isn’t
646 3694 39 42 a
733 3669 386 64 LIKELY
1164 3662 676 70 unconstitutional
1890 3663 140 63 law
2076 3657 453 82 interfering
2575 3655 184 65 with

430 3782 337 63 freedom
817 3778 80 65 of
946 3778 126 63 the
1123 3795 229 63 press.

491 3965 354 92 "RED"
891 3967 530 88 CHARGES
1471 3963 518 88 AGAINST
2041 3959 658 88 PROFESSOR

1329 4107 534 84 DROPPED

519 4259 160 64 The
705 4257 148 66 San
879 4257 252 64 Mateo
1159 4251 272 88 Junior
1455 4251 306 82 College
1799 4249 248 64 Board
2081 4247 82 66 of
2189 4247 358 64 Trustees
2579 4243 184 64 have

433 4367 304 66 refused
771 4377 76 54 to
885 4363 298 68 dismiss
1217 4361 204 84 John
1455 4359 84 68 G.
1575 4357 186 78 Iliff,
1793 4357 382 84 professor
2209 4353 84 66 of
2325 4349 438 70 economics.

431 4477 162 64 The
641 4475 246 64 Board
931 4473 174 64 held
1153 4471 162 64 that
1363 4469 126 66 the
1537 4465 290 86 Legion
1873 4467 144 64 had
2067 4463 234 66 failed
2347 4471 78 56 to
2473 4457 288 68 sustain

431 4585 98 64 its
567 4587 306 78 charges
907 4581 80 64 of
1025 4577 528 66 “radicalism.”
1633 4577 164 62 The
1827 4573 412 82 attempted
2273 4581 252 54 ouster
2561 4589 204 62 grew

431 4703 130 54 out
605 4691 82 64 of
739 4689 226 64 Iliff’s
1009 4683 534 90 participation
1591 4683 76 64 in
1715 4681 284 66 several
2045 4677 370 86 meetings
2463 4687 130 54 not
2641 4695 90 46 en­

433 4801 268 64 dorsed
741 4797 98 84 by
881 4795 128 66 the
1057 4791 398 66 American
1497 4789 312 84 Legion.
1895 4787 116 66 He
2059 4807 182 64 gave
2285 4795 354 56 accounts
2681 4781 82 66 of

433 4905 480 86 experiences
961 4903 78 64 in
1083 4905 126 64 the
1261 4899 256 68 Soviet
1561 4897 254 68 Union
1861 4907 132 54 not
2039 4895 204 84 quite
2289 4913 78 46 as
2413 4893 320 66 unfavor­

433 5017 160 64 able
631 5035 78 44 as
747 5015 126 62 the
913 5009 446 84 patrioteers
1397 5007 324 82 thought
1757 5005 182 82 they
1975 5003 268 66 should
2281 5001 112 66 be.
2475 5001 160 64 The
2673 4999 90 64 A.

437 5125 78 66 C.
543 5125 82 62 L.
651 5123 90 64 U.
791 5121 272 82 helped
1111 5117 78 64 in
1239 5113 358 84 resisting
1645 5111 152 68 this
1845 5113 250 64 attack
2143 5131 202 62 upon
2393 5105 372 68 academic

433 5233 360 66 freedom.

697 5418 569 86 WARNICK
1319 5415 326 84 FACES
1700 5412 800 84 DEPORTATION

522 5571 188 83 Jack
747 5564 382 76 Warnick,
1166 5563 452 82 28-year-old
1659 5560 278 63 former
1975 5556 440 81 University
2453 5555 80 63 of
2574 5553 160 67 Cali­

439 5669 246 67 fornia
721 5675 326 74 student,
1079 5673 165 63 who
1281 5673 131 62 has
1448 5670 200 64 lived
1683 5668 77 64 in
1798 5669 125 63 the
1960 5666 283 66 United
2281 5665 244 64 States
2564 5662 202 65 since

436 5781 91 64 he
574 5801 148 42 was
770 5791 146 53 two
965 5802 212 61 years
1224 5780 81 64 of
1350 5799 157 62 age,
1554 5778 203 64 faces
1806 5774 473 84 deportation
2325 5784 75 53 to
2453 5772 313 65 Canada.

438 5889 321 82 Though
811 5887 383 83 acquitted
1247 5887 77 64 in
1379 5889 125 62 the
1557 5886 290 64 famous
1905 5884 472 65 Sacramento
2430 5879 337 66 criminal

438 5996 484 83 syndicalism
966 5996 173 65 trial
1188 5998 142 62 last
1381 5996 282 74 March,
1713 5991 361 67 Warnick
2122 6012 95 43 on
2268 5991 326 64 October
2638 5991 130 62 3rd

436 6126 147 43 was
624 6106 172 64 held
840 6105 120 63 for
1001 6103 473 83 deportation
1514 6104 309 63 because
1863 6100 81 65 of
1988 6099 259 64 PAST
2287 6098 450 64 MEMBER­

441 6214 235 64 SHIP
734 6213 77 63 in
866 6214 124 63 the
1046 6210 464 67 Communist
1564 6212 250 80 Party.
1870 6210 160 63 The
2086 6204 506 85 immigration
2646 6226 91 43 au­

438 6321 346 64 thorities
822 6343 120 42 are
977 6320 222 82 using
1232 6321 125 64 the
1396 6319 278 64 SAME
1714 6315 536 67 EVIDENCE
2287 6314 293 83 against
2615 6313 155 63 him

438 6451 93 42 on
579 6428 245 65 which
871 6430 90 63 he
1005 6449 148 43 was
1201 6426 378 83 acquitted
1626 6426 77 62 in
1754 6425 491 65 Sacramento.
2296 6423 119 64 On
2465 6424 273 61 Decem­

437 6540 127 64 ber
606 6544 103 71 20,
748 6559 94 43 an
879 6536 411 66 additional
1334 6537 268 80 charge
1642 6534 80 64 of
1765 6533 298 82 “illegal
2107 6532 260 82 entry”
2405 6551 148 43 was
2594 6531 173 63 filed

437 6645 292 83 against
773 6645 173 64 him.
995 6647 70 61 It
1110 6667 148 42 was
1304 6645 222 63 based
1573 6664 94 42 on
1714 6642 405 82 testimony
2166 6641 90 63 he
2304 6660 180 62 gave
2533 6650 74 52 at
2652 6637 115 64 his

439 6754 309 82 hearing
791 6755 161 62 that
996 6752 77 64 in
1119 6754 125 62 the
1291 6773 318 43 summer
1655 6751 81 64 of
1789 6755 158 59 1931
1998 6751 90 62 he
2133 6750 352 65 attended
2533 6769 39 42 a
2616 6757 121 54 stu­

441 6865 175 62 dent
665 6862 440 64 conference
1150 6871 74 53 at
1268 6861 461 74 Vancouver,
1777 6857 117 64 “as
1940 6879 40 42 a
2022 6859 338 80 delegate
2404 6855 196 63 from
2641 6856 126 62 the

438 6969 440 83 University
954 6970 80 62 of
1108 6967 569 82 Washington.”
1797 6964 420 65 Warnick’s
2295 6962 473 83 deportation

438 7100 249 44 means
726 7077 422 83 separation
1188 7077 194 62 from
1419 7075 117 64 his
1571 7075 177 64 wife
1786 7076 141 62 and
1966 7083 322 72 parents,
2318 7074 169 61 who
2526 7071 241 64 reside

446 7187 77 64 in
587 7189 127 63 the
782 7185 283 66 United
1136 7185 264 64 States.
1512 7184 69 62 A
1648 7183 149 63 few
1862 7202 212 61 years
2141 7201 138 62 ago
2349 7179 420 65 Warnick’s

439 7294 458 84 application
982 7294 120 63 for
1185 7291 445 82 citizenship
1708 7311 149 44 was
1942 7289 268 66 denied
2289 7290 309 63 because
2673 7309 94 42 no

441 7404 416 64 RECORD
897 7403 81 63 of
1014 7401 116 65 his
1165 7401 201 64 birth
1404 7402 219 62 could
1661 7401 86 63 be
1787 7399 237 64 found
2060 7398 77 63 in
2177 7397 313 65 Canada.
2532 7396 74 63 If
2643 7398 124 62 the

441 7515 488 80 Department
962 7511 81 64 of
1075 7511 238 63 Labor
1347 7530 167 42 now
1545 7508 236 64 issues
1813 7528 92 43 an
1941 7509 216 62 order
2192 7507 120 62 for
2348 7504 420 66 Warnick’s

439 7619 496 84 deportation,
975 7619 126 64 the
1142 7619 89 63 A.
1265 7617 77 65 C.
1369 7619 81 62 L.
1477 7618 88 63 U.
1607 7615 157 65 will
1808 7614 346 66 institute
2194 7614 269 64 habeas
2500 7631 269 62 corpus

440 7728 491 85 proceedings
991 7727 78 64 in
1130 7728 126 63 the
1318 7725 91 67 U.
1474 7725 70 66 S.
1611 7723 320 67 District
1996 7724 232 65 Court
2293 7734 76 54 to
2435 7731 148 57 test
2643 7723 126 64 the

439 7838 274 84 ruling.

3381 2211 598 86 RELIGIOUS
4033 2205 760 86 FREEDOM???

3010 2374 338 84 Holding
3392 2376 131 63 her
3563 2371 410 85 allegiance
4014 2382 75 53 to
4120 2370 162 65 God
4312 2369 226 64 above
4563 2368 133 64 her
4737 2363 410 85 allegiance
5175 2374 76 55 to

2925 2497 335 70 country,
3299 2485 409 82 9-year-old
3748 2482 384 67 Charlotte
4170 2477 357 67 Gabrielli
4564 2477 302 63 refused
4899 2485 77 54 to
5013 2476 239 64 salute

2926 2616 143 60 any
3127 2596 131 62 but
3319 2595 124 64 the
3508 2590 380 67 Christian
3947 2590 145 81 flag
4151 2590 143 63 and
4351 2607 148 44 was
4558 2586 344 81 expelled
4960 2583 196 63 from
5214 2604 40 42 a

2928 2704 469 64 Sacramento
3448 2721 362 63 grammar
3854 2699 276 66 school.
4225 2697 202 64 “The
4477 2695 144 82 flag
4670 2694 80 64 of
4796 2694 125 63 the
4970 2691 283 65 United

2929 2814 242 63 States
3207 2813 61 62 is
3303 2822 130 52 not
3464 2812 124 62 the
3619 2810 144 81 flag
3796 2809 80 63 of
3908 2810 220 81 Jesus
4167 2804 317 77 Christ,”
4520 2805 341 64 declared
4895 2804 131 61 her
5060 2802 163 63 fath­

2929 2945 95 41 er.
3092 2923 157 62 The
3318 2917 397 67 Gabriellis
3776 2939 120 44 are
3957 2916 357 63 members
4380 2915 80 62 of
4523 2935 40 42 a
4626 2922 155 54 sect
4845 2912 268 63 known
5177 2930 77 44 as

2929 3029 437 84 “Jehovah’s
3432 3026 484 76 Witnesses”,
3978 3026 164 62 who
4206 3025 263 80 regard
4532 3020 330 82 saluting
4921 3040 143 61 any
5123 3019 132 63 but

2927 3141 125 63 the
3110 3135 380 67 Christian
3544 3136 144 81 flag
3741 3156 76 42 as
3872 3134 346 80 idolatry.
4319 3133 87 60 In
4460 3150 350 61 response
4864 3139 76 52 to
4991 3129 124 63 the
5165 3128 89 62 A.

2931 3248 76 64 C.
3057 3249 78 61 L.
3186 3247 150 63 U.’s
3384 3245 191 63 offer
3622 3244 80 63 of
3752 3244 194 80 legal
3994 3241 426 74 assistance,
4470 3240 124 63 the
4647 3237 261 65 child’s
4954 3246 300 72 parents

2929 3357 416 81 responded
3403 3355 160 63 that
3623 3354 179 81 they
3860 3372 192 42 were
4114 3349 322 82 keeping
4497 3347 195 65 their
4752 3347 365 81 daughter
5178 3344 77 63 in

2929 3465 286 82 private
3260 3465 277 74 school,
3578 3464 142 62 and
3765 3462 160 62 that
4009 3461 188 81 “you
4239 3458 156 63 will
4438 3479 92 42 no
4575 3457 228 64 doubt
4845 3456 174 62 hear
5062 3454 195 63 from

2928 3596 85 44 us
3067 3574 251 64 later.”
3370 3574 141 63 We
3560 3571 162 83 join
3769 3570 185 64 with
4004 3570 123 62 the
4183 3568 144 64 San
4376 3565 395 65 Francisco
4822 3564 307 64 “News”
5179 3562 77 63 in

2928 3682 288 84 saying,
3261 3682 217 82 “Any
3519 3690 277 55 statute
3843 3676 382 84 requiring
4269 3677 161 63 that
4476 3676 124 63 the
4646 3674 145 82 flag
4832 3673 87 64 be
4965 3673 292 63 saluted

2929 3794 97 81 by
3062 3793 254 63 school
3358 3789 339 65 children
3737 3789 61 62 is
3837 3809 90 42 an
3966 3786 233 64 insult
4237 3796 76 53 to
4351 3785 124 64 the
4518 3783 205 65 Stars
4762 3784 143 62 and
4948 3780 310 82 Stripes,

2930 3904 142 62 and
3118 3901 235 82 ought
3397 3910 76 53 to
3517 3900 87 63 be
3651 3898 343 63 resented
4034 3896 97 82 by
4175 3896 99 63 all
4319 3892 382 84 patriots.”

2995 4059 179 84 NO
3226 4057 433 86 JUSTICE
3713 4057 119 80 IN
3888 4054 383 83 SANTA
4324 4051 314 83 ROSA
4685 4051 214 81 TAR
4948 4050 256 80 AND

3652 4197 465 82 FEATHER
4168 4193 379 83 CASES!

3009 4327 178 64 Mob
3213 4326 335 65 violence
3577 4324 77 62 in
3683 4324 223 64 Santa
3932 4324 194 61 Rosa
4152 4321 129 63 has
4313 4340 190 63 gone
4532 4314 730 85 unpunished.After

2933 4437 174 65 four
3145 4437 319 74 months,
3507 4434 287 82 though
3833 4433 126 64 the
4000 4429 297 66 victims
4340 4429 81 64 of
4463 4429 126 64 the
4628 4438 114 54 tar
4782 4427 144 64 and
4968 4425 293 65 feather

2933 4557 217 57 party
3193 4547 184 61 have
3417 4541 387 66 identified
3847 4561 174 47 over
4065 4545 82 59 20
4186 4537 425 77 vigilantes,
4654 4537 373 77 Attorney
5070 4533 191 64 Gen-

2934 4655 150 64 eral
3137 4653 90 68 U.
3285 4652 69 64 S.
3409 4650 239 65 Webb
3703 4648 255 65 claims
4011 4648 125 63 the
4189 4649 190 61 local
4433 4642 444 67 authorities
4927 4663 120 43 are
5100 4639 160 66 still

2934 4759 383 84 “working
3359 4759 226 64 hard”
3623 4768 77 54 to
3741 4777 258 45 secure
4037 4753 372 66 evidence.
4497 4752 159 64 The
4697 4751 180 82 only
4916 4749 225 65 effort
5182 4759 78 54 to

2933 4890 256 46 secure
3234 4870 237 81 “legal
3513 4865 317 85 justice”
3874 4864 122 64 for
4038 4865 209 64 these
4290 4861 487 66 unfortunate
4823 4859 264 82 people
5131 4858 131 64 has

2936 5000 202 44 come
3185 4978 195 64 from
3422 4978 124 63 the
3593 4976 89 64 A.
3729 4974 78 65 C.
3853 4975 82 65 L.
3981 4974 90 63 U.
4160 4973 181 62 Two
4387 4972 304 80 damage
4733 4967 191 66 suits
4969 4965 293 85 against

2936 5089 214 63 Fred.
3199 5085 283 76 Cairns,
3530 5084 389 81 Secretary
3963 5081 81 64 of
4087 5081 125 66 the
4258 5079 476 81 Healdsburg
4778 5076 360 66 Chamber
5180 5074 82 65 of

2932 5196 423 65 Commerce
3381 5195 143 63 and
3551 5193 292 81 alleged
3876 5190 320 63 ALIEN
4229 5187 579 66 VIGILANTE
4843 5184 420 64 LEADER

2935 5307 182 63 have
3165 5305 185 64 been
3397 5304 173 62 filed
3617 5302 76 62 in
3743 5302 124 63 the
3915 5300 91 66 U.
4058 5298 68 65 S.
4177 5296 321 65 District
4548 5295 252 65 Court.
4851 5295 159 63 The
5060 5312 203 45 cases

2935 5436 120 43 are
3096 5413 224 82 being
3361 5413 311 81 delayed
3711 5411 97 82 by
3847 5410 125 63 the
4011 5408 213 64 usual
4265 5408 195 80 legal
4498 5402 547 67 technicalities
5086 5400 145 66 rais­

2937 5526 90 63 ed
3064 5524 97 82 by
3198 5523 124 63 the
3362 5520 474 66 defendant’s
3868 5522 332 77 lawyers.
4241 5515 102 63 At
4378 5516 125 62 the
4542 5511 439 84 suggestion
5020 5510 81 65 of
5136 5512 126 63 the

2937 5634 89 63 A.
3059 5632 76 65 C.
3165 5633 80 62 L.
3271 5632 90 65 U.
3419 5628 283 66 Cairns’
3757 5637 238 54 status
4050 5625 76 63 in
4177 5623 150 65 this
4384 5634 315 70 country
4750 5622 62 63 is
4864 5622 236 63 under
5155 5618 77 63 in­

2934 5739 454 84 vestigation
3433 5739 97 82 by
3580 5738 124 63 the
3757 5732 516 85 Immigration
4321 5734 508 80 Department.

3459 5897 197 80 THE
3711 5894 445 81 RECORD
4212 5892 219 81 FOR
4478 5889 255 83 1935

3027 6042 294 82 During
3366 6044 162 61 1935
3570 6041 125 63 the
3735 6040 87 62 A.
3855 6038 77 64 C.
3962 6039 78 62 L.
4067 6038 89 63 U.
4195 6037 307 63 secured
4543 6034 407 64 thousands
4988 6032 81 64 of
5110 6032 122 64 dol­

2938 6144 146 62 lars
3134 6141 76 63 in
3262 6144 341 77 damages
3653 6150 74 52 to
3778 6146 468 72 compensate
4297 6135 120 62 for
4461 6132 464 66 destruction
4972 6131 81 63 of
5100 6151 133 62 pro­

2942 6252 217 71 perty
3225 6241 96 81 by
3384 6237 401 84 vigilantes
3850 6233 394 83 following
4311 6235 125 64 the
4502 6234 299 81 general
4866 6229 272 77 strike;
5207 6229 59 63 it

2939 6341 413 64 conducted
3384 6361 39 41 a
3454 6337 414 65 successful
3901 6334 420 83 legislative
4355 6331 386 83 campaign
4771 6330 292 82 against
5095 6350 137 66 sup­

2938 6439 330 82 pressive
3308 6441 214 72 laws;
3565 6437 58 63 it
3665 6436 271 81 fought
3975 6436 124 64 the
4142 6432 472 82 deportation
4652 6431 80 63 of
4772 6432 308 62 Ferrero
5121 6431 143 62 and

2941 6537 323 77 Sallitto,
3313 6535 391 83 long-time
3756 6536 88 64 U.
3902 6534 69 65 S.
4026 6532 390 75 residents,
4463 6532 247 64 whose
4764 6528 498 67 OPINIONS

2939 6640 213 62 alone
3196 6638 289 62 formed
3528 6637 124 62 the
3695 6634 194 64 basis
3934 6634 80 62 of
4056 6634 123 63 the
4221 6631 246 64 action
4510 6630 291 82 against
4841 6630 236 74 them;
5122 6630 143 62 and

2938 6736 59 64 it
3029 6737 239 63 raised
3299 6734 171 74 $604
3500 6736 119 61 for
3649 6736 123 62 the
3810 6734 469 63 Sacramento
4317 6731 76 64 C.
4427 6731 66 63 S.
4528 6731 466 73 defendants,
5017 6730 248 62 whose

2941 6835 201 64 chief
3194 6835 285 66 offense
3528 6855 148 41 was
3726 6832 439 82 organizing
4216 6832 264 80 poorly
4530 6829 172 83 paid
4751 6850 321 60 cannery
5122 6829 143 63 and

2939 6934 486 83 agricultural
3460 6934 346 62 workers.
3841 6932 245 63 When
4125 6934 119 59 150
4275 6931 326 62 workers
4637 6928 76 63 in
4746 6929 296 65 Eureka
5073 6948 192 43 were

2939 7036 330 65 arrested
3305 7054 94 42 on
3436 7032 146 64 riot
3619 7033 306 79 charges
3963 7032 142 62 and
4139 7051 192 43 were
4363 7029 269 65 unable
4670 7038 76 54 to
4782 7048 256 44 secure
5076 7027 189 63 local

2938 7144 383 70 attorneys
3364 7143 75 52 to
3481 7131 275 64 defend
3798 7131 221 74 them,
4058 7130 124 63 the
4225 7130 87 62 A.
4345 7128 77 64 C.
4449 7129 80 63 L.
4554 7128 88 63 U.
4683 7127 379 82 promptly
5102 7146 132 61 pro­

2937 7231 222 65 vided
3207 7232 322 63 counsel.
3580 7232 69 61 It
3697 7229 371 65 defended
4114 7229 124 63 the
4287 7226 203 83 right
4535 7227 81 64 of
4659 7225 371 66 academic
5077 7225 158 64 free­

2941 7334 169 61 dom
3155 7331 120 63 for
3320 7330 333 63 teachers
3698 7330 142 62 and
3886 7329 342 62 students
4273 7326 78 63 in
4393 7345 395 45 numerous
4835 7345 224 56 cases,
5102 7345 133 62 pro­

2940 7432 243 63 tested
3243 7427 602 82 discriminatory
3902 7426 206 65 radio
4164 7424 387 84 practices,
4608 7422 483 85 campaigned
5148 7424 121 64 for

2942 7529 174 65 civil
3168 7527 333 66 liberties
3551 7527 326 81 through
3926 7524 295 65 various
4273 7535 216 71 types
4539 7524 80 63 of
4666 7523 392 84 publicity,
5109 7534 159 66 etc.,

2942 7640 136 56 etc.
3181 7629 159 63 The
3401 7628 88 63 A.
3519 7626 79 65 C.
3628 7628 80 61 L.
3735 7627 88 62 U.
3884 7624 63 64 is
4007 7625 125 67 the
4195 7623 276 65 ONLY
4533 7622 515 84 organization
5106 7624 162 64 that

2943 7728 314 65 defends
3321 7725 175 65 civil
3561 7723 337 66 liberties
3959 7743 94 43 on
4117 7722 202 62 ALL
4380 7721 267 65 fronts.
4749 7721 242 84 JOIN
5054 7724 213 63 THE

2941 7829 88 62 A.
3072 7827 76 64 C.
3190 7827 81 63 L.
3312 7826 104 63 U!

2025 8035 548 74 NORTHERN
2619 8031 618 78 CALIFORNIA
3299 8025 414 76 BRANCH

1114 8178 1084 144 AMERICAN
2290 8178 508 144 CIVIL
2878 8166 916 148 LIBERTIES
3882 8162 708 148 UNION

1873 8389 194 72 434
2127 8389 284 74 MILLS
2475 8385 514 82 BUILDING,
3029 8383 208 74 SAN
3301 8377 574 76 FRANCISCO

2349 8509 312 76 Phone
2703 8505 428 76 EXbrook
3167 8503 202 76 1816

567 8633 364 100 January,
977 8637 206 76 7936
2191 8643 400 84 ERNEST
2641 8639 352 94 BESIG,
3043 8629 452 90 Director

36 8 22 18 1*
